%YAML 1.1
%TAG !u! tag:unity3d.com,2011:
--- !u!1 &3604648593349061330
GameObject:
  m_ObjectHideFlags: 0
  m_CorrespondingSourceObject: {fileID: 0}
  m_PrefabInstance: {fileID: 0}
  m_PrefabAsset: {fileID: 0}
  serializedVersion: 6
  m_Component:
  - component: {fileID: 3604648593349061331}
  - component: {fileID: 3604648593349061329}
  - component: {fileID: 3604648593349061328}
  m_Layer: 5
  m_Name: HitBox
  m_TagString: Untagged
  m_Icon: {fileID: 0}
  m_NavMeshLayer: 0
  m_StaticEditorFlags: 0
  m_IsActive: 1
--- !u!224 &3604648593349061331
RectTransform:
  m_ObjectHideFlags: 0
  m_CorrespondingSourceObject: {fileID: 0}
  m_PrefabInstance: {fileID: 0}
  m_PrefabAsset: {fileID: 0}
  m_GameObject: {fileID: 3604648593349061330}
  m_LocalRotation: {x: 0, y: 0, z: 0, w: 1}
  m_LocalPosition: {x: 0, y: 0, z: 0}
  m_LocalScale: {x: 1, y: 1, z: 1}
  m_Children: []
  m_Father: {fileID: 3604648594611327482}
  m_RootOrder: 0
  m_LocalEulerAnglesHint: {x: 0, y: 0, z: 0}
  m_AnchorMin: {x: 0, y: 0}
  m_AnchorMax: {x: 1, y: 1}
  m_AnchoredPosition: {x: 0, y: 0}
  m_SizeDelta: {x: 0, y: 0}
  m_Pivot: {x: 0.5, y: 0.5}
--- !u!222 &3604648593349061329
CanvasRenderer:
  m_ObjectHideFlags: 0
  m_CorrespondingSourceObject: {fileID: 0}
  m_PrefabInstance: {fileID: 0}
  m_PrefabAsset: {fileID: 0}
  m_GameObject: {fileID: 3604648593349061330}
  m_CullTransparentMesh: 0
--- !u!114 &3604648593349061328
MonoBehaviour:
  m_ObjectHideFlags: 0
  m_CorrespondingSourceObject: {fileID: 0}
  m_PrefabInstance: {fileID: 0}
  m_PrefabAsset: {fileID: 0}
  m_GameObject: {fileID: 3604648593349061330}
  m_Enabled: 1
  m_EditorHideFlags: 0
  m_Script: {fileID: -765806418, guid: f70555f144d8491a825f0804e09c671c, type: 3}
  m_Name: 
  m_EditorClassIdentifier: 
  m_Material: {fileID: 0}
  m_Color: {r: 1, g: 1, b: 1, a: 0}
  m_RaycastTarget: 1
  m_OnCullStateChanged:
    m_PersistentCalls:
      m_Calls: []
    m_TypeName: UnityEngine.UI.MaskableGraphic+CullStateChangedEvent, UnityEngine.UI,
      Version=1.0.0.0, Culture=neutral, PublicKeyToken=null
  m_Sprite: {fileID: 0}
  m_Type: 0
  m_PreserveAspect: 0
  m_FillCenter: 1
  m_FillMethod: 4
  m_FillAmount: 1
  m_FillClockwise: 1
  m_FillOrigin: 0
  m_UseSpriteMesh: 0
--- !u!1 &3604648593731135620
GameObject:
  m_ObjectHideFlags: 0
  m_CorrespondingSourceObject: {fileID: 0}
  m_PrefabInstance: {fileID: 0}
  m_PrefabAsset: {fileID: 0}
  serializedVersion: 6
  m_Component:
  - component: {fileID: 3604648593731135621}
  - component: {fileID: 3604648593731135619}
  - component: {fileID: 3604648593731135618}
  m_Layer: 5
  m_Name: Text
  m_TagString: Untagged
  m_Icon: {fileID: 0}
  m_NavMeshLayer: 0
  m_StaticEditorFlags: 0
  m_IsActive: 1
--- !u!224 &3604648593731135621
RectTransform:
  m_ObjectHideFlags: 0
  m_CorrespondingSourceObject: {fileID: 0}
  m_PrefabInstance: {fileID: 0}
  m_PrefabAsset: {fileID: 0}
  m_GameObject: {fileID: 3604648593731135620}
  m_LocalRotation: {x: -0, y: -0, z: -0, w: 1}
  m_LocalPosition: {x: 0, y: 0, z: 0}
  m_LocalScale: {x: 1, y: 1, z: 1}
  m_Children: []
  m_Father: {fileID: 3604648594736842470}
  m_RootOrder: 0
  m_LocalEulerAnglesHint: {x: 0, y: 0, z: 0}
  m_AnchorMin: {x: 0, y: 0}
  m_AnchorMax: {x: 1, y: 1}
  m_AnchoredPosition: {x: 0, y: 20.4}
  m_SizeDelta: {x: 0, y: -40.8}
  m_Pivot: {x: 0.5, y: 0.5}
--- !u!222 &3604648593731135619
CanvasRenderer:
  m_ObjectHideFlags: 0
  m_CorrespondingSourceObject: {fileID: 0}
  m_PrefabInstance: {fileID: 0}
  m_PrefabAsset: {fileID: 0}
  m_GameObject: {fileID: 3604648593731135620}
  m_CullTransparentMesh: 0
--- !u!114 &3604648593731135618
MonoBehaviour:
  m_ObjectHideFlags: 0
  m_CorrespondingSourceObject: {fileID: 0}
  m_PrefabInstance: {fileID: 0}
  m_PrefabAsset: {fileID: 0}
  m_GameObject: {fileID: 3604648593731135620}
  m_Enabled: 1
  m_EditorHideFlags: 0
  m_Script: {fileID: 708705254, guid: f70555f144d8491a825f0804e09c671c, type: 3}
  m_Name: 
  m_EditorClassIdentifier: 
  m_Material: {fileID: 0}
  m_Color: {r: 1, g: 1, b: 1, a: 1}
  m_RaycastTarget: 1
  m_OnCullStateChanged:
    m_PersistentCalls:
      m_Calls: []
    m_TypeName: UnityEngine.UI.MaskableGraphic+CullStateChangedEvent, UnityEngine.UI,
      Version=1.0.0.0, Culture=neutral, PublicKeyToken=null
  m_FontData:
    m_Font: {fileID: 12800000, guid: 121fba6418edadc4993e06fd41b668c3, type: 3}
    m_FontSize: 59
    m_FontStyle: 0
    m_BestFit: 0
    m_MinSize: 10
    m_MaxSize: 59
    m_Alignment: 4
    m_AlignByGeometry: 1
    m_RichText: 1
    m_HorizontalOverflow: 0
    m_VerticalOverflow: 0
    m_LineSpacing: 1
  m_Text: TAP TO START
--- !u!1 &3604648593732426312
GameObject:
  m_ObjectHideFlags: 0
  m_CorrespondingSourceObject: {fileID: 0}
  m_PrefabInstance: {fileID: 0}
  m_PrefabAsset: {fileID: 0}
  serializedVersion: 6
  m_Component:
  - component: {fileID: 3604648593732426313}
  m_Layer: 5
  m_Name: Graphics
  m_TagString: Untagged
  m_Icon: {fileID: 0}
  m_NavMeshLayer: 0
  m_StaticEditorFlags: 0
  m_IsActive: 1
--- !u!224 &3604648593732426313
RectTransform:
  m_ObjectHideFlags: 0
  m_CorrespondingSourceObject: {fileID: 0}
  m_PrefabInstance: {fileID: 0}
  m_PrefabAsset: {fileID: 0}
  m_GameObject: {fileID: 3604648593732426312}
  m_LocalRotation: {x: 0, y: 0, z: 0, w: 1}
  m_LocalPosition: {x: 0, y: 0, z: 0}
  m_LocalScale: {x: 1, y: 1, z: 1}
  m_Children:
  - {fileID: 3604648594736842470}
  m_Father: {fileID: 3604648594611327482}
  m_RootOrder: 1
  m_LocalEulerAnglesHint: {x: 0, y: 0, z: 0}
  m_AnchorMin: {x: 0.5, y: 0}
  m_AnchorMax: {x: 0.5, y: 0}
  m_AnchoredPosition: {x: 0, y: 350}
  m_SizeDelta: {x: 722, y: 246}
  m_Pivot: {x: 0.5, y: 0.5}
--- !u!1 &3604648593892790067
GameObject:
  m_ObjectHideFlags: 0
  m_CorrespondingSourceObject: {fileID: 0}
  m_PrefabInstance: {fileID: 0}
  m_PrefabAsset: {fileID: 0}
  serializedVersion: 6
  m_Component:
  - component: {fileID: 3604648594221249762}
  - component: {fileID: 3604648594221249763}
  - component: {fileID: 3604648593892790064}
  m_Layer: 5
  m_Name: MainPanel
  m_TagString: Untagged
  m_Icon: {fileID: 0}
  m_NavMeshLayer: 0
  m_StaticEditorFlags: 0
  m_IsActive: 1
--- !u!224 &3604648594221249762
RectTransform:
  m_ObjectHideFlags: 0
  m_CorrespondingSourceObject: {fileID: 0}
  m_PrefabInstance: {fileID: 0}
  m_PrefabAsset: {fileID: 0}
  m_GameObject: {fileID: 3604648593892790067}
  m_LocalRotation: {x: 0, y: 0, z: 0, w: 1}
  m_LocalPosition: {x: 0, y: 0, z: 0}
  m_LocalScale: {x: 1, y: 1, z: 1}
  m_Children:
  - {fileID: 3604648594611327482}
  - {fileID: 3604648594123909297}
  - {fileID: 3604648592864896153}
  m_Father: {fileID: 0}
  m_RootOrder: 0
  m_LocalEulerAnglesHint: {x: 0, y: 0, z: 0}
  m_AnchorMin: {x: 0, y: 0}
  m_AnchorMax: {x: 1, y: 1}
  m_AnchoredPosition: {x: 0, y: 0}
  m_SizeDelta: {x: 0, y: 0}
  m_Pivot: {x: 0.5, y: 0.5}
--- !u!114 &3604648594221249763
MonoBehaviour:
  m_ObjectHideFlags: 0
  m_CorrespondingSourceObject: {fileID: 0}
  m_PrefabInstance: {fileID: 0}
  m_PrefabAsset: {fileID: 0}
  m_GameObject: {fileID: 3604648593892790067}
  m_Enabled: 1
  m_EditorHideFlags: 0
  m_Script: {fileID: 11500000, guid: 58c880f93442c4c85b0a579a583bb311, type: 3}
  m_Name: 
  m_EditorClassIdentifier: 
  m_backButton: {fileID: 0}
  m_cheatCanvas: {fileID: 0}
  m_moneyPS: {fileID: 0}
  moneyText: {fileID: 497596927251043743}
  m_uiToggle: {fileID: 3604648594862594097}
  m_millionButton: {fileID: 3604648593208741963}
  m_startButton: {fileID: 0}
  m_tabs: []
  m_tabButtons: []
--- !u!222 &3604648593892790064
CanvasRenderer:
  m_ObjectHideFlags: 0
  m_CorrespondingSourceObject: {fileID: 0}
  m_PrefabInstance: {fileID: 0}
  m_PrefabAsset: {fileID: 0}
  m_GameObject: {fileID: 3604648593892790067}
  m_CullTransparentMesh: 0
--- !u!1 &3604648594611327485
GameObject:
  m_ObjectHideFlags: 0
  m_CorrespondingSourceObject: {fileID: 0}
  m_PrefabInstance: {fileID: 0}
  m_PrefabAsset: {fileID: 0}
  serializedVersion: 6
  m_Component:
  - component: {fileID: 3604648594611327482}
  - component: {fileID: 3604648594611327480}
  - component: {fileID: 3604648594611327483}
  m_Layer: 5
  m_Name: StartButton
  m_TagString: Untagged
  m_Icon: {fileID: 0}
  m_NavMeshLayer: 0
  m_StaticEditorFlags: 0
  m_IsActive: 1
--- !u!224 &3604648594611327482
RectTransform:
  m_ObjectHideFlags: 0
  m_CorrespondingSourceObject: {fileID: 0}
  m_PrefabInstance: {fileID: 0}
  m_PrefabAsset: {fileID: 0}
  m_GameObject: {fileID: 3604648594611327485}
  m_LocalRotation: {x: -0, y: -0, z: -0, w: 1}
  m_LocalPosition: {x: 0, y: 0, z: 0}
  m_LocalScale: {x: 1, y: 1, z: 1}
  m_Children:
  - {fileID: 3604648593349061331}
  - {fileID: 3604648593732426313}
  m_Father: {fileID: 3604648594221249762}
  m_RootOrder: 0
  m_LocalEulerAnglesHint: {x: 0, y: 0, z: 0}
  m_AnchorMin: {x: 0, y: 0}
  m_AnchorMax: {x: 1, y: 1}
  m_AnchoredPosition: {x: 0, y: 0}
  m_SizeDelta: {x: 0, y: 0}
  m_Pivot: {x: 0.5, y: 0.5}
--- !u!222 &3604648594611327480
CanvasRenderer:
  m_ObjectHideFlags: 0
  m_CorrespondingSourceObject: {fileID: 0}
  m_PrefabInstance: {fileID: 0}
  m_PrefabAsset: {fileID: 0}
  m_GameObject: {fileID: 3604648594611327485}
  m_CullTransparentMesh: 0
--- !u!114 &3604648594611327483
MonoBehaviour:
  m_ObjectHideFlags: 0
  m_CorrespondingSourceObject: {fileID: 0}
  m_PrefabInstance: {fileID: 0}
  m_PrefabAsset: {fileID: 0}
  m_GameObject: {fileID: 3604648594611327485}
  m_Enabled: 1
  m_EditorHideFlags: 0
  m_Script: {fileID: 11500000, guid: ae540b22f2cc44fbaaf5df2d584adc74, type: 3}
  m_Name: 
  m_EditorClassIdentifier: 
  m_Navigation:
    m_Mode: 3
    m_SelectOnUp: {fileID: 0}
    m_SelectOnDown: {fileID: 0}
    m_SelectOnLeft: {fileID: 0}
    m_SelectOnRight: {fileID: 0}
  m_Transition: 0
  m_Colors:
    m_NormalColor: {r: 0.9607844, g: 0.9607844, b: 0.9607844, a: 1}
    m_HighlightedColor: {r: 0.9607843, g: 0.9607843, b: 0.9607843, a: 1}
    m_PressedColor: {r: 0.78431374, g: 0.78431374, b: 0.78431374, a: 1}
    m_DisabledColor: {r: 0.78431374, g: 0.78431374, b: 0.78431374, a: 1}
    m_ColorMultiplier: 1
    m_FadeDuration: 0.1
  m_SpriteState:
    m_HighlightedSprite: {fileID: 0}
    m_PressedSprite: {fileID: 0}
    m_DisabledSprite: {fileID: 0}
  m_AnimationTriggers:
    m_NormalTrigger: Normal
    m_HighlightedTrigger: Highlighted
    m_PressedTrigger: Pressed
    m_DisabledTrigger: Disabled
  m_Interactable: 1
  m_TargetGraphic: {fileID: 3604648594736842471}
  m_OnClick:
    m_PersistentCalls:
      m_Calls: []
    m_TypeName: UnityEngine.UI.Button+ButtonClickedEvent, UnityEngine.UI, Version=1.0.0.0,
      Culture=neutral, PublicKeyToken=null
  m_disableImage: {fileID: 0}
  m_text: {fileID: 0}
  m_icon: {fileID: 0}
  m_isShining: 0
  m_shineImage: {fileID: 0}
  m_shineStartDelay: 0.5
  m_shinePauseDuration: 2
  m_shineDuration: 2
  m_isBouncing: 0
  m_bounceStartDelay: 0.5
  m_bouncePauseDuration: 2
  m_bounceDuration: 0.4
  m_bounceOnClick: 1
  m_repeatOnHold: 0
  m_holdFrequency: 0
  m_holdDelay: 0
  m_adButton: 0
--- !u!1 &3604648594736842489
GameObject:
  m_ObjectHideFlags: 0
  m_CorrespondingSourceObject: {fileID: 0}
  m_PrefabInstance: {fileID: 0}
  m_PrefabAsset: {fileID: 0}
  serializedVersion: 6
  m_Component:
  - component: {fileID: 3604648594736842470}
  - component: {fileID: 3604648594736842468}
  - component: {fileID: 3604648594736842471}
  m_Layer: 5
  m_Name: Background
  m_TagString: Untagged
  m_Icon: {fileID: 0}
  m_NavMeshLayer: 0
  m_StaticEditorFlags: 0
  m_IsActive: 1
--- !u!224 &3604648594736842470
RectTransform:
  m_ObjectHideFlags: 0
  m_CorrespondingSourceObject: {fileID: 0}
  m_PrefabInstance: {fileID: 0}
  m_PrefabAsset: {fileID: 0}
  m_GameObject: {fileID: 3604648594736842489}
  m_LocalRotation: {x: 0, y: 0, z: 0, w: 1}
  m_LocalPosition: {x: 0, y: 0, z: 0}
  m_LocalScale: {x: 1, y: 1, z: 1}
  m_Children:
  - {fileID: 3604648593731135621}
  m_Father: {fileID: 3604648593732426313}
  m_RootOrder: 0
  m_LocalEulerAnglesHint: {x: 0, y: 0, z: 0}
  m_AnchorMin: {x: 0, y: 0}
  m_AnchorMax: {x: 1, y: 1}
  m_AnchoredPosition: {x: 0, y: 0}
  m_SizeDelta: {x: 0, y: 0}
  m_Pivot: {x: 0.5, y: 0.5}
--- !u!222 &3604648594736842468
CanvasRenderer:
  m_ObjectHideFlags: 0
  m_CorrespondingSourceObject: {fileID: 0}
  m_PrefabInstance: {fileID: 0}
  m_PrefabAsset: {fileID: 0}
  m_GameObject: {fileID: 3604648594736842489}
  m_CullTransparentMesh: 0
--- !u!114 &3604648594736842471
MonoBehaviour:
  m_ObjectHideFlags: 0
  m_CorrespondingSourceObject: {fileID: 0}
  m_PrefabInstance: {fileID: 0}
  m_PrefabAsset: {fileID: 0}
  m_GameObject: {fileID: 3604648594736842489}
  m_Enabled: 1
  m_EditorHideFlags: 0
  m_Script: {fileID: -765806418, guid: f70555f144d8491a825f0804e09c671c, type: 3}
  m_Name: 
  m_EditorClassIdentifier: 
  m_Material: {fileID: 0}
  m_Color: {r: 1, g: 1, b: 1, a: 1}
  m_RaycastTarget: 1
  m_OnCullStateChanged:
    m_PersistentCalls:
      m_Calls: []
    m_TypeName: UnityEngine.UI.MaskableGraphic+CullStateChangedEvent, UnityEngine.UI,
      Version=1.0.0.0, Culture=neutral, PublicKeyToken=null
  m_Sprite: {fileID: 21300000, guid: b5d9b0e3ebbd1ba469238d635c62d91b, type: 3}
  m_Type: 1
  m_PreserveAspect: 0
  m_FillCenter: 1
  m_FillMethod: 4
  m_FillAmount: 1
  m_FillClockwise: 1
  m_FillOrigin: 0
  m_UseSpriteMesh: 0
--- !u!1001 &7781185282745275564
PrefabInstance:
  m_ObjectHideFlags: 0
  serializedVersion: 2
  m_Modification:
    m_TransformParent: {fileID: 3604648594221249762}
    m_Modifications:
    - target: {fileID: 6483523224836144157, guid: 7e8ce5b4249ac394bbba2ceea16cdc8f,
        type: 3}
      propertyPath: m_LocalPosition.x
      value: 0
      objectReference: {fileID: 0}
    - target: {fileID: 6483523224836144157, guid: 7e8ce5b4249ac394bbba2ceea16cdc8f,
        type: 3}
      propertyPath: m_LocalPosition.y
      value: 0
      objectReference: {fileID: 0}
    - target: {fileID: 6483523224836144157, guid: 7e8ce5b4249ac394bbba2ceea16cdc8f,
        type: 3}
      propertyPath: m_LocalPosition.z
      value: 0
      objectReference: {fileID: 0}
    - target: {fileID: 6483523224836144157, guid: 7e8ce5b4249ac394bbba2ceea16cdc8f,
        type: 3}
      propertyPath: m_LocalRotation.x
      value: -0
      objectReference: {fileID: 0}
    - target: {fileID: 6483523224836144157, guid: 7e8ce5b4249ac394bbba2ceea16cdc8f,
        type: 3}
      propertyPath: m_LocalRotation.y
      value: -0
      objectReference: {fileID: 0}
    - target: {fileID: 6483523224836144157, guid: 7e8ce5b4249ac394bbba2ceea16cdc8f,
        type: 3}
      propertyPath: m_LocalRotation.z
      value: -0
      objectReference: {fileID: 0}
    - target: {fileID: 6483523224836144157, guid: 7e8ce5b4249ac394bbba2ceea16cdc8f,
        type: 3}
      propertyPath: m_LocalRotation.w
      value: 1
      objectReference: {fileID: 0}
    - target: {fileID: 6483523224836144157, guid: 7e8ce5b4249ac394bbba2ceea16cdc8f,
        type: 3}
      propertyPath: m_RootOrder
      value: 1
      objectReference: {fileID: 0}
    - target: {fileID: 6483523224836144157, guid: 7e8ce5b4249ac394bbba2ceea16cdc8f,
        type: 3}
      propertyPath: m_LocalEulerAnglesHint.x
      value: 0
      objectReference: {fileID: 0}
    - target: {fileID: 6483523224836144157, guid: 7e8ce5b4249ac394bbba2ceea16cdc8f,
        type: 3}
      propertyPath: m_LocalEulerAnglesHint.y
      value: 0
      objectReference: {fileID: 0}
    - target: {fileID: 6483523224836144157, guid: 7e8ce5b4249ac394bbba2ceea16cdc8f,
        type: 3}
      propertyPath: m_LocalEulerAnglesHint.z
      value: 0
      objectReference: {fileID: 0}
    - target: {fileID: 6483523224836144157, guid: 7e8ce5b4249ac394bbba2ceea16cdc8f,
        type: 3}
      propertyPath: m_AnchoredPosition.x
      value: 0
      objectReference: {fileID: 0}
    - target: {fileID: 6483523224836144157, guid: 7e8ce5b4249ac394bbba2ceea16cdc8f,
        type: 3}
      propertyPath: m_AnchoredPosition.y
      value: -112
      objectReference: {fileID: 0}
    - target: {fileID: 6483523224836144157, guid: 7e8ce5b4249ac394bbba2ceea16cdc8f,
        type: 3}
      propertyPath: m_SizeDelta.x
      value: 0
      objectReference: {fileID: 0}
    - target: {fileID: 6483523224836144157, guid: 7e8ce5b4249ac394bbba2ceea16cdc8f,
        type: 3}
      propertyPath: m_SizeDelta.y
      value: 224
      objectReference: {fileID: 0}
    - target: {fileID: 6483523224836144157, guid: 7e8ce5b4249ac394bbba2ceea16cdc8f,
        type: 3}
      propertyPath: m_AnchorMin.x
      value: 0
      objectReference: {fileID: 0}
    - target: {fileID: 6483523224836144157, guid: 7e8ce5b4249ac394bbba2ceea16cdc8f,
        type: 3}
      propertyPath: m_AnchorMin.y
      value: 1
      objectReference: {fileID: 0}
    - target: {fileID: 6483523224836144157, guid: 7e8ce5b4249ac394bbba2ceea16cdc8f,
        type: 3}
      propertyPath: m_AnchorMax.x
      value: 1
      objectReference: {fileID: 0}
    - target: {fileID: 6483523224836144157, guid: 7e8ce5b4249ac394bbba2ceea16cdc8f,
        type: 3}
      propertyPath: m_AnchorMax.y
      value: 1
      objectReference: {fileID: 0}
    - target: {fileID: 6483523224836144157, guid: 7e8ce5b4249ac394bbba2ceea16cdc8f,
        type: 3}
      propertyPath: m_Pivot.x
      value: 0.5
      objectReference: {fileID: 0}
    - target: {fileID: 6483523224836144157, guid: 7e8ce5b4249ac394bbba2ceea16cdc8f,
        type: 3}
      propertyPath: m_Pivot.y
      value: 0.5
      objectReference: {fileID: 0}
    - target: {fileID: 6483523224836144156, guid: 7e8ce5b4249ac394bbba2ceea16cdc8f,
        type: 3}
      propertyPath: m_Name
      value: TopUI
      objectReference: {fileID: 0}
    - target: {fileID: 6483523226536874293, guid: 7e8ce5b4249ac394bbba2ceea16cdc8f,
        type: 3}
      propertyPath: m_SizeDelta.x
      value: 0
      objectReference: {fileID: 0}
    m_RemovedComponents: []
  m_SourcePrefab: {fileID: 100100000, guid: 7e8ce5b4249ac394bbba2ceea16cdc8f, type: 3}
--- !u!224 &3604648594123909297 stripped
RectTransform:
  m_CorrespondingSourceObject: {fileID: 6483523224836144157, guid: 7e8ce5b4249ac394bbba2ceea16cdc8f,
    type: 3}
  m_PrefabInstance: {fileID: 7781185282745275564}
  m_PrefabAsset: {fileID: 0}
--- !u!114 &497596927251043743 stripped
MonoBehaviour:
  m_CorrespondingSourceObject: {fileID: 7862021666893218099, guid: 7e8ce5b4249ac394bbba2ceea16cdc8f,
    type: 3}
  m_PrefabInstance: {fileID: 7781185282745275564}
  m_PrefabAsset: {fileID: 0}
  m_GameObject: {fileID: 0}
  m_Enabled: 1
  m_EditorHideFlags: 0
  m_Script: {fileID: 708705254, guid: f70555f144d8491a825f0804e09c671c, type: 3}
  m_Name: 
  m_EditorClassIdentifier: 
--- !u!1 &3604648593208741963 stripped
GameObject:
  m_CorrespondingSourceObject: {fileID: 6483523226085754087, guid: 7e8ce5b4249ac394bbba2ceea16cdc8f,
    type: 3}
  m_PrefabInstance: {fileID: 7781185282745275564}
  m_PrefabAsset: {fileID: 0}
--- !u!1 &3604648594862594097 stripped
GameObject:
  m_CorrespondingSourceObject: {fileID: 6483523225440668829, guid: 7e8ce5b4249ac394bbba2ceea16cdc8f,
    type: 3}
  m_PrefabInstance: {fileID: 7781185282745275564}
  m_PrefabAsset: {fileID: 0}
--- !u!1001 &8903117574498920620
PrefabInstance:
  m_ObjectHideFlags: 0
  serializedVersion: 2
  m_Modification:
    m_TransformParent: {fileID: 3604648594221249762}
    m_Modifications:
    - target: {fileID: 5298610921723743285, guid: cad3d6c9244196b49824eb461fb22232,
        type: 3}
      propertyPath: m_LocalPosition.x
      value: 0
      objectReference: {fileID: 0}
    - target: {fileID: 5298610921723743285, guid: cad3d6c9244196b49824eb461fb22232,
        type: 3}
      propertyPath: m_LocalPosition.y
      value: 0
      objectReference: {fileID: 0}
    - target: {fileID: 5298610921723743285, guid: cad3d6c9244196b49824eb461fb22232,
        type: 3}
      propertyPath: m_LocalPosition.z
      value: 0
      objectReference: {fileID: 0}
    - target: {fileID: 5298610921723743285, guid: cad3d6c9244196b49824eb461fb22232,
        type: 3}
      propertyPath: m_LocalRotation.x
      value: -0
      objectReference: {fileID: 0}
    - target: {fileID: 5298610921723743285, guid: cad3d6c9244196b49824eb461fb22232,
        type: 3}
      propertyPath: m_LocalRotation.y
      value: -0
      objectReference: {fileID: 0}
    - target: {fileID: 5298610921723743285, guid: cad3d6c9244196b49824eb461fb22232,
        type: 3}
      propertyPath: m_LocalRotation.z
      value: -0
      objectReference: {fileID: 0}
    - target: {fileID: 5298610921723743285, guid: cad3d6c9244196b49824eb461fb22232,
        type: 3}
      propertyPath: m_LocalRotation.w
      value: 1
      objectReference: {fileID: 0}
    - target: {fileID: 5298610921723743285, guid: cad3d6c9244196b49824eb461fb22232,
        type: 3}
      propertyPath: m_RootOrder
      value: 2
      objectReference: {fileID: 0}
    - target: {fileID: 5298610921723743285, guid: cad3d6c9244196b49824eb461fb22232,
        type: 3}
      propertyPath: m_LocalEulerAnglesHint.x
      value: 0
      objectReference: {fileID: 0}
    - target: {fileID: 5298610921723743285, guid: cad3d6c9244196b49824eb461fb22232,
        type: 3}
      propertyPath: m_LocalEulerAnglesHint.y
      value: 0
      objectReference: {fileID: 0}
    - target: {fileID: 5298610921723743285, guid: cad3d6c9244196b49824eb461fb22232,
        type: 3}
      propertyPath: m_LocalEulerAnglesHint.z
      value: 0
      objectReference: {fileID: 0}
    - target: {fileID: 5298610921723743285, guid: cad3d6c9244196b49824eb461fb22232,
        type: 3}
      propertyPath: m_AnchoredPosition.x
      value: 0
      objectReference: {fileID: 0}
    - target: {fileID: 5298610921723743285, guid: cad3d6c9244196b49824eb461fb22232,
        type: 3}
      propertyPath: m_AnchoredPosition.y
      value: 0
      objectReference: {fileID: 0}
    - target: {fileID: 5298610921723743285, guid: cad3d6c9244196b49824eb461fb22232,
        type: 3}
      propertyPath: m_SizeDelta.x
      value: 0
      objectReference: {fileID: 0}
    - target: {fileID: 5298610921723743285, guid: cad3d6c9244196b49824eb461fb22232,
        type: 3}
      propertyPath: m_SizeDelta.y
      value: 0
      objectReference: {fileID: 0}
    - target: {fileID: 5298610921723743285, guid: cad3d6c9244196b49824eb461fb22232,
        type: 3}
      propertyPath: m_AnchorMin.x
      value: 0
      objectReference: {fileID: 0}
    - target: {fileID: 5298610921723743285, guid: cad3d6c9244196b49824eb461fb22232,
        type: 3}
      propertyPath: m_AnchorMin.y
      value: 0
      objectReference: {fileID: 0}
    - target: {fileID: 5298610921723743285, guid: cad3d6c9244196b49824eb461fb22232,
        type: 3}
      propertyPath: m_AnchorMax.x
      value: 1
      objectReference: {fileID: 0}
    - target: {fileID: 5298610921723743285, guid: cad3d6c9244196b49824eb461fb22232,
        type: 3}
      propertyPath: m_AnchorMax.y
      value: 1
      objectReference: {fileID: 0}
    - target: {fileID: 5298610921723743285, guid: cad3d6c9244196b49824eb461fb22232,
        type: 3}
      propertyPath: m_Pivot.x
      value: 0.5
      objectReference: {fileID: 0}
    - target: {fileID: 5298610921723743285, guid: cad3d6c9244196b49824eb461fb22232,
        type: 3}
      propertyPath: m_Pivot.y
      value: 0.5
      objectReference: {fileID: 0}
    - target: {fileID: 5298610920398401305, guid: cad3d6c9244196b49824eb461fb22232,
        type: 3}
      propertyPath: m_Name
      value: TutoShow
      objectReference: {fileID: 0}
    - target: {fileID: 5298610920398401310, guid: cad3d6c9244196b49824eb461fb22232,
        type: 3}
      propertyPath: m_Controller
      value: 
      objectReference: {fileID: 0}
    - target: {fileID: 5298610921612309946, guid: cad3d6c9244196b49824eb461fb22232,
        type: 3}
      propertyPath: m_fontSize
      value: 18
      objectReference: {fileID: 0}
    - target: {fileID: 5298610921612309946, guid: cad3d6c9244196b49824eb461fb22232,
        type: 3}
      propertyPath: m_firstOverflowCharacterIndex
      value: 0
      objectReference: {fileID: 0}
    - target: {fileID: 5298610921612309946, guid: cad3d6c9244196b49824eb461fb22232,
        type: 3}
      propertyPath: m_textInfo.lineCount
      value: 7
      objectReference: {fileID: 0}
    m_RemovedComponents: []
  m_SourcePrefab: {fileID: 100100000, guid: cad3d6c9244196b49824eb461fb22232, type: 3}
--- !u!224 &3604648592864896153 stripped
RectTransform:
  m_CorrespondingSourceObject: {fileID: 5298610921723743285, guid: cad3d6c9244196b49824eb461fb22232,
    type: 3}
  m_PrefabInstance: {fileID: 8903117574498920620}
  m_PrefabAsset: {fileID: 0}
