%YAML 1.1
%TAG !u! tag:unity3d.com,2011:
--- !u!1 &405111629914499109
GameObject:
  m_ObjectHideFlags: 0
  m_CorrespondingSourceObject: {fileID: 0}
  m_PrefabInstance: {fileID: 0}
  m_PrefabAsset: {fileID: 0}
  serializedVersion: 6
  m_Component:
  - component: {fileID: 405111629914499108}
  m_Layer: 0
  m_Name: Props
  m_TagString: Untagged
  m_Icon: {fileID: 0}
  m_NavMeshLayer: 0
  m_StaticEditorFlags: 0
  m_IsActive: 1
--- !u!4 &405111629914499108
Transform:
  m_ObjectHideFlags: 0
  m_CorrespondingSourceObject: {fileID: 0}
  m_PrefabInstance: {fileID: 0}
  m_PrefabAsset: {fileID: 0}
  m_GameObject: {fileID: 405111629914499109}
  m_LocalRotation: {x: -0, y: -0, z: -0, w: 1}
  m_LocalPosition: {x: 43.419834, y: -0.53, z: 16.703087}
  m_LocalScale: {x: 1, y: 1, z: 1}
  m_Children: []
  m_Father: {fileID: 405111630566179577}
  m_RootOrder: 1
  m_LocalEulerAnglesHint: {x: 0, y: 0, z: 0}
--- !u!1 &405111630335516325
GameObject:
  m_ObjectHideFlags: 0
  m_CorrespondingSourceObject: {fileID: 0}
  m_PrefabInstance: {fileID: 0}
  m_PrefabAsset: {fileID: 0}
  serializedVersion: 6
  m_Component:
  - component: {fileID: 405111630335516323}
  - component: {fileID: 405111630335516324}
  - component: {fileID: 405111630335516320}
  - component: {fileID: 405111630335516321}
  - component: {fileID: 405111630335516326}
  - component: {fileID: 405111630335516327}
  m_Layer: 12
  m_Name: FirstRoad
  m_TagString: Untagged
  m_Icon: {fileID: 0}
  m_NavMeshLayer: 0
  m_StaticEditorFlags: 0
  m_IsActive: 1
--- !u!4 &405111630335516323
Transform:
  m_ObjectHideFlags: 0
  m_CorrespondingSourceObject: {fileID: 0}
  m_PrefabInstance: {fileID: 0}
  m_PrefabAsset: {fileID: 0}
  m_GameObject: {fileID: 405111630335516325}
  m_LocalRotation: {x: -0, y: -0, z: -0, w: 1}
  m_LocalPosition: {x: 0, y: 0, z: 0}
  m_LocalScale: {x: 1, y: 1, z: 1}
  m_Children: []
  m_Father: {fileID: 405111630566179577}
  m_RootOrder: 5
  m_LocalEulerAnglesHint: {x: 0, y: 0, z: 0}
--- !u!114 &405111630335516324
MonoBehaviour:
  m_ObjectHideFlags: 0
  m_CorrespondingSourceObject: {fileID: 0}
  m_PrefabInstance: {fileID: 0}
  m_PrefabAsset: {fileID: 0}
  m_GameObject: {fileID: 405111630335516325}
  m_Enabled: 1
  m_EditorHideFlags: 0
  m_Script: {fileID: 11500000, guid: b154883273c2845f39445c8015d81639, type: 3}
  m_Name: 
  m_EditorClassIdentifier: 
  points:
  - {x: -0.7470319, y: 0, z: -4.500506}
  - {x: -0.9784316, y: -0.11123085, z: 7.7684274}
  - {x: -5.871784, y: 0.25077057, z: 17.718796}
  - {x: 0, y: 0, z: 25}
  - {x: 5.871784, y: -0.25077057, z: 32.281204}
  - {x: 1.460927, y: 10.255564, z: 44.326313}
  - {x: -5.469301, y: 10.809946, z: 52.1931}
  - {x: -11.752247, y: 11.31255, z: 59.32513}
  - {x: -21.254576, y: 10.809946, z: 61.47409}
  - {x: -25.650799, y: 10.809946, z: 72.3223}
  - {x: -28.809135, y: 10.809946, z: 80.11588}
  - {x: -26.012962, y: 10.809946, z: 90.971115}
  - {x: -15.693342, y: 10.809946, z: 95.18602}
  - {x: -7.73003, y: 10.809946, z: 98.43852}
  - {x: 2.2311954, y: 10.809946, z: 94.29137}
  - {x: 7.7745686, y: 10.809946, z: 85.44988}
  - {x: 13.412785, y: 10.809946, z: 76.45713}
  - {x: 17.047792, y: 4.486456, z: 72.26912}
  - {x: 20.28354, y: 3.7067394, z: 60.695538}
  - {x: 24.616404, y: 2.662652, z: 45.19781}
  - {x: 13.037355, y: 0.1020372, z: 44.517788}
  - {x: 14.448289, y: 0.11123085, z: 32.480972}
  - {x: 15.9601555, y: 0.12108218, z: 19.583088}
  - {x: 30.623804, y: 0.11123085, z: 23.055195}
  - {x: 35.411186, y: 0.11123085, z: 9.622492}
  - {x: 43.86187, y: 0.11123085, z: -14.088905}
  - {x: 15.352659, y: 0.11123085, z: 0.24565315}
  - {x: 8.724438, y: 0.11123085, z: -18.780954}
  - {x: 2.2677093, y: 0.11123085, z: -37.315285}
  - {x: 22.514658, y: 0.11123085, z: -44.058907}
  - {x: 26.259338, y: 0.11123085, z: -57.491943}
  modes: 0200000002000000010000000100000001000000010000000100000001000000010000000100000001000000
  angles:
  - 0
  - 0
  - 0
  - -45
  - 0
  - 0
  - 0
  - 0
  - 0
  - 0
  - 0
  segmentLengths:
  - 31.11658
  - 33.10315
  - 29.741238
  - 27.851963
  - 27.61745
  - 29.84898
  - 34.579258
  - 36.665497
  - 58.10202
  - 48.704845
  segmentEndDistance:
  - 31.11658
  - 64.21973
  - 93.96097
  - 121.81293
  - 149.43037
  - 179.27936
  - 213.85861
  - 250.52411
  - 308.62613
  - 357.33096
  easeInOutCurve:
    serializedVersion: 2
    m_Curve:
    - serializedVersion: 3
      time: 0
      value: 0
      inSlope: 0
      outSlope: 0
      tangentMode: 0
      weightedMode: 0
      inWeight: 0.33333334
      outWeight: 0.33333334
    - serializedVersion: 3
      time: 1
      value: 1
      inSlope: 0
      outSlope: 0
      tangentMode: 0
      weightedMode: 0
      inWeight: 0.33333334
      outWeight: 0.33333334
    m_PreInfinity: 2
    m_PostInfinity: 2
    m_RotationOrder: 0
--- !u!23 &405111630335516320
MeshRenderer:
  m_ObjectHideFlags: 0
  m_CorrespondingSourceObject: {fileID: 0}
  m_PrefabInstance: {fileID: 0}
  m_PrefabAsset: {fileID: 0}
  m_GameObject: {fileID: 405111630335516325}
  m_Enabled: 1
  m_CastShadows: 0
  m_ReceiveShadows: 1
  m_DynamicOccludee: 1
  m_MotionVectors: 1
  m_LightProbeUsage: 1
  m_ReflectionProbeUsage: 1
  m_RenderingLayerMask: 1
  m_RendererPriority: 0
  m_Materials:
  - {fileID: 2100000, guid: 49010d517570cfc498672fe6b4c3e1ce, type: 2}
  m_StaticBatchInfo:
    firstSubMesh: 0
    subMeshCount: 0
  m_StaticBatchRoot: {fileID: 0}
  m_ProbeAnchor: {fileID: 0}
  m_LightProbeVolumeOverride: {fileID: 0}
  m_ScaleInLightmap: 1
  m_ReceiveGI: 1
  m_PreserveUVs: 0
  m_IgnoreNormalsForChartDetection: 0
  m_ImportantGI: 0
  m_StitchLightmapSeams: 0
  m_SelectedEditorRenderState: 3
  m_MinimumChartSize: 4
  m_AutoUVMaxDistance: 0.5
  m_AutoUVMaxAngle: 89
  m_LightmapParameters: {fileID: 0}
  m_SortingLayerID: 0
  m_SortingLayer: 0
  m_SortingOrder: 0
--- !u!33 &405111630335516321
MeshFilter:
  m_ObjectHideFlags: 0
  m_CorrespondingSourceObject: {fileID: 0}
  m_PrefabInstance: {fileID: 0}
  m_PrefabAsset: {fileID: 0}
  m_GameObject: {fileID: 405111630335516325}
  m_Mesh: {fileID: 0}
--- !u!114 &405111630335516326
MonoBehaviour:
  m_ObjectHideFlags: 0
  m_CorrespondingSourceObject: {fileID: 0}
  m_PrefabInstance: {fileID: 0}
  m_PrefabAsset: {fileID: 0}
  m_GameObject: {fileID: 405111630335516325}
  m_Enabled: 1
  m_EditorHideFlags: 0
  m_Script: {fileID: 11500000, guid: 65d8de9ba4d6b1e499b61102892b4526, type: 3}
  m_Name: 
  m_EditorClassIdentifier: 
  precision: 1
  m_spline: {fileID: 405111630335516324}
  m_meshFilter: {fileID: 405111630335516321}
  m_shape:
  - {x: -1, y: -0.5}
  - {x: -1, y: 0}
  - {x: 1, y: 0}
  - {x: 1, y: -0.5}
  - {x: -1, y: -0.5}
  m_inverted: 0
  m_meshCollider: {fileID: 405111630335516327}
--- !u!64 &405111630335516327
MeshCollider:
  m_ObjectHideFlags: 0
  m_CorrespondingSourceObject: {fileID: 0}
  m_PrefabInstance: {fileID: 0}
  m_PrefabAsset: {fileID: 0}
  m_GameObject: {fileID: 405111630335516325}
  m_Material: {fileID: 0}
  m_IsTrigger: 0
  m_Enabled: 1
  serializedVersion: 3
  m_Convex: 0
  m_CookingOptions: -1
  m_Mesh: {fileID: 0}
--- !u!1 &405111630566179583
GameObject:
  m_ObjectHideFlags: 0
  m_CorrespondingSourceObject: {fileID: 0}
  m_PrefabInstance: {fileID: 0}
  m_PrefabAsset: {fileID: 0}
  serializedVersion: 6
  m_Component:
  - component: {fileID: 405111630566179577}
  - component: {fileID: 405111630566179582}
  m_Layer: 0
  m_Name: Level7
  m_TagString: Untagged
  m_Icon: {fileID: 0}
  m_NavMeshLayer: 0
  m_StaticEditorFlags: 0
  m_IsActive: 1
--- !u!4 &405111630566179577
Transform:
  m_ObjectHideFlags: 0
  m_CorrespondingSourceObject: {fileID: 0}
  m_PrefabInstance: {fileID: 0}
  m_PrefabAsset: {fileID: 0}
  m_GameObject: {fileID: 405111630566179583}
  m_LocalRotation: {x: 0, y: 0, z: 0, w: 1}
  m_LocalPosition: {x: 0, y: 0, z: 0}
  m_LocalScale: {x: 1, y: 1, z: 1}
  m_Children:
  - {fileID: 405111631025442409}
  - {fileID: 405111629914499108}
  - {fileID: 1768583654454832490}
  - {fileID: 2741448190982461454}
  - {fileID: 8887021800672756556}
  - {fileID: 405111630335516323}
  - {fileID: 5799657360966518360}
  - {fileID: 5980362899577558594}
  m_Father: {fileID: 0}
  m_RootOrder: 0
  m_LocalEulerAnglesHint: {x: 0, y: 0, z: 0}
--- !u!114 &405111630566179582
MonoBehaviour:
  m_ObjectHideFlags: 0
  m_CorrespondingSourceObject: {fileID: 0}
  m_PrefabInstance: {fileID: 0}
  m_PrefabAsset: {fileID: 0}
  m_GameObject: {fileID: 405111630566179583}
  m_Enabled: 1
  m_EditorHideFlags: 0
  m_Script: {fileID: 11500000, guid: c03722bf2c570d546923cbfcd8530865, type: 3}
  m_Name: 
  m_EditorClassIdentifier: 
  firstRoad: {fileID: 405111630335516324}
  secondRoad: {fileID: 2554187087017930129}
  thirdRoad: {fileID: 3795223327169280623}
--- !u!1 &405111631025442414
GameObject:
  m_ObjectHideFlags: 0
  m_CorrespondingSourceObject: {fileID: 0}
  m_PrefabInstance: {fileID: 0}
  m_PrefabAsset: {fileID: 0}
  serializedVersion: 6
  m_Component:
  - component: {fileID: 405111631025442409}
  - component: {fileID: 405111631025442410}
  - component: {fileID: 405111631025442411}
  - component: {fileID: 405111631025442408}
  m_Layer: 12
  m_Name: Plane
  m_TagString: Untagged
  m_Icon: {fileID: 0}
  m_NavMeshLayer: 0
  m_StaticEditorFlags: 0
  m_IsActive: 1
--- !u!4 &405111631025442409
Transform:
  m_ObjectHideFlags: 0
  m_CorrespondingSourceObject: {fileID: 0}
  m_PrefabInstance: {fileID: 0}
  m_PrefabAsset: {fileID: 0}
  m_GameObject: {fileID: 405111631025442414}
  m_LocalRotation: {x: -0, y: -0, z: -0, w: 1}
  m_LocalPosition: {x: 15.000002, y: -0.53, z: 9.903973}
  m_LocalScale: {x: 10.509467, y: 7.9647346, z: 19.415634}
  m_Children: []
  m_Father: {fileID: 405111630566179577}
  m_RootOrder: 0
  m_LocalEulerAnglesHint: {x: 0, y: 0, z: 0}
--- !u!33 &405111631025442410
MeshFilter:
  m_ObjectHideFlags: 0
  m_CorrespondingSourceObject: {fileID: 0}
  m_PrefabInstance: {fileID: 0}
  m_PrefabAsset: {fileID: 0}
  m_GameObject: {fileID: 405111631025442414}
  m_Mesh: {fileID: 10209, guid: 0000000000000000e000000000000000, type: 0}
--- !u!23 &405111631025442411
MeshRenderer:
  m_ObjectHideFlags: 0
  m_CorrespondingSourceObject: {fileID: 0}
  m_PrefabInstance: {fileID: 0}
  m_PrefabAsset: {fileID: 0}
  m_GameObject: {fileID: 405111631025442414}
  m_Enabled: 1
  m_CastShadows: 1
  m_ReceiveShadows: 1
  m_DynamicOccludee: 1
  m_MotionVectors: 1
  m_LightProbeUsage: 1
  m_ReflectionProbeUsage: 1
  m_RenderingLayerMask: 1
  m_RendererPriority: 0
  m_Materials:
  - {fileID: 2100000, guid: e050dc32182ad264384b5c960caf83ea, type: 2}
  m_StaticBatchInfo:
    firstSubMesh: 0
    subMeshCount: 0
  m_StaticBatchRoot: {fileID: 0}
  m_ProbeAnchor: {fileID: 0}
  m_LightProbeVolumeOverride: {fileID: 0}
  m_ScaleInLightmap: 1
  m_ReceiveGI: 1
  m_PreserveUVs: 0
  m_IgnoreNormalsForChartDetection: 0
  m_ImportantGI: 0
  m_StitchLightmapSeams: 1
  m_SelectedEditorRenderState: 3
  m_MinimumChartSize: 4
  m_AutoUVMaxDistance: 0.5
  m_AutoUVMaxAngle: 89
  m_LightmapParameters: {fileID: 0}
  m_SortingLayerID: 0
  m_SortingLayer: 0
  m_SortingOrder: 0
--- !u!64 &405111631025442408
MeshCollider:
  m_ObjectHideFlags: 0
  m_CorrespondingSourceObject: {fileID: 0}
  m_PrefabInstance: {fileID: 0}
  m_PrefabAsset: {fileID: 0}
  m_GameObject: {fileID: 405111631025442414}
  m_Material: {fileID: 0}
  m_IsTrigger: 0
  m_Enabled: 1
  serializedVersion: 3
  m_Convex: 0
  m_CookingOptions: 14
  m_Mesh: {fileID: 10209, guid: 0000000000000000e000000000000000, type: 0}
--- !u!1 &8732365263302358252
GameObject:
  m_ObjectHideFlags: 0
  m_CorrespondingSourceObject: {fileID: 0}
  m_PrefabInstance: {fileID: 0}
  m_PrefabAsset: {fileID: 0}
  serializedVersion: 6
  m_Component:
  - component: {fileID: 5980362899577558594}
  - component: {fileID: 3795223327169280623}
  - component: {fileID: 3875866633297892375}
  - component: {fileID: 2088503104442149744}
  - component: {fileID: 8061629427637070471}
  - component: {fileID: 5424971590729999449}
  m_Layer: 12
  m_Name: FirstRoad (2)
  m_TagString: Untagged
  m_Icon: {fileID: 0}
  m_NavMeshLayer: 0
  m_StaticEditorFlags: 0
  m_IsActive: 1
--- !u!4 &5980362899577558594
Transform:
  m_ObjectHideFlags: 0
  m_CorrespondingSourceObject: {fileID: 0}
  m_PrefabInstance: {fileID: 0}
  m_PrefabAsset: {fileID: 0}
  m_GameObject: {fileID: 8732365263302358252}
  m_LocalRotation: {x: -0, y: -0, z: -0, w: 1}
  m_LocalPosition: {x: -4, y: 0, z: 0}
  m_LocalScale: {x: 1, y: 1, z: 1}
  m_Children: []
  m_Father: {fileID: 405111630566179577}
  m_RootOrder: 7
  m_LocalEulerAnglesHint: {x: 0, y: 0, z: 0}
--- !u!114 &3795223327169280623
MonoBehaviour:
  m_ObjectHideFlags: 0
  m_CorrespondingSourceObject: {fileID: 0}
  m_PrefabInstance: {fileID: 0}
  m_PrefabAsset: {fileID: 0}
  m_GameObject: {fileID: 8732365263302358252}
  m_Enabled: 1
  m_EditorHideFlags: 0
  m_Script: {fileID: 11500000, guid: b154883273c2845f39445c8015d81639, type: 3}
  m_Name: 
  m_EditorClassIdentifier: 
  points:
  - {x: -0.7470319, y: 0, z: -4.500506}
  - {x: -0.9784316, y: -0.11123085, z: 7.7684274}
  - {x: -5.871784, y: 0.25077057, z: 17.718796}
  - {x: 0, y: 0, z: 25}
  - {x: 5.871784, y: -0.25077057, z: 32.281204}
  - {x: 1.460927, y: 10.255564, z: 44.326313}
  - {x: -5.469301, y: 10.809946, z: 52.1931}
  - {x: -11.752247, y: 11.31255, z: 59.32513}
  - {x: -21.254576, y: 10.809946, z: 61.47409}
  - {x: -25.650799, y: 10.809946, z: 72.3223}
  - {x: -28.809135, y: 10.809946, z: 80.11588}
  - {x: -25.453058, y: 10.809946, z: 92.53706}
  - {x: -16.644276, y: 10.809946, z: 96.86867}
  - {x: -3.5274744, y: 10.809946, z: 103.31868}
  - {x: 7.8875456, y: 10.809946, z: 97.4337}
  - {x: 13.430919, y: 10.809946, z: 88.59222}
  - {x: 19.069134, y: 10.809946, z: 79.599464}
  - {x: 23.885216, y: 4.5019684, z: 72.875275}
  - {x: 27.583843, y: 3.7067394, z: 61.44227}
  - {x: 32.439922, y: 2.6626508, z: 46.431404}
  - {x: 20.080545, y: 0.1010261, z: 45.387623}
  - {x: 22.243223, y: 0.11123085, z: 32.36303}
  - {x: 24.159637, y: 0.12027358, z: 20.821545}
  - {x: 41.78274, y: 0.11123085, z: 26.241304}
  - {x: 44.18946, y: 0.11123085, z: 6.4663563}
  - {x: 47.18349, y: 0.11123085, z: -18.13425}
  - {x: 19.151049, y: 0.11123085, z: -3.300582}
  - {x: 14.8981, y: 0.11123085, z: -21.535007}
  - {x: 11.757795, y: 0.11123085, z: -34.998997}
  - {x: 27.902618, y: 0.11123085, z: -41.012253}
  - {x: 31.647299, y: 0.11123085, z: -54.44529}
  modes: 0200000002000000010000000100000001000000010000000100000001000000010000000100000001000000
  angles:
  - 0
  - 0
  - 0
  - -45
  - 0
  - 0
  - 0
  - 0
  - 0
  - 0
  - 0
  segmentLengths:
  - 31.11658
  - 33.10315
  - 29.741238
  - 28.619263
  - 34.54419
  - 32.244625
  - 35.7314
  - 42.00161
  - 57.871765
  - 40.96307
  segmentEndDistance:
  - 31.11658
  - 64.21973
  - 93.96097
  - 122.58023
  - 157.12442
  - 189.36905
  - 225.10045
  - 267.10205
  - 324.97382
  - 365.9369
  easeInOutCurve:
    serializedVersion: 2
    m_Curve:
    - serializedVersion: 3
      time: 0
      value: 0
      inSlope: 0
      outSlope: 0
      tangentMode: 0
      weightedMode: 0
      inWeight: 0.33333334
      outWeight: 0.33333334
    - serializedVersion: 3
      time: 1
      value: 1
      inSlope: 0
      outSlope: 0
      tangentMode: 0
      weightedMode: 0
      inWeight: 0.33333334
      outWeight: 0.33333334
    m_PreInfinity: 2
    m_PostInfinity: 2
    m_RotationOrder: 0
--- !u!23 &3875866633297892375
MeshRenderer:
  m_ObjectHideFlags: 0
  m_CorrespondingSourceObject: {fileID: 0}
  m_PrefabInstance: {fileID: 0}
  m_PrefabAsset: {fileID: 0}
  m_GameObject: {fileID: 8732365263302358252}
  m_Enabled: 1
  m_CastShadows: 0
  m_ReceiveShadows: 1
  m_DynamicOccludee: 1
  m_MotionVectors: 1
  m_LightProbeUsage: 1
  m_ReflectionProbeUsage: 1
  m_RenderingLayerMask: 1
  m_RendererPriority: 0
  m_Materials:
  - {fileID: 2100000, guid: 49010d517570cfc498672fe6b4c3e1ce, type: 2}
  m_StaticBatchInfo:
    firstSubMesh: 0
    subMeshCount: 0
  m_StaticBatchRoot: {fileID: 0}
  m_ProbeAnchor: {fileID: 0}
  m_LightProbeVolumeOverride: {fileID: 0}
  m_ScaleInLightmap: 1
  m_ReceiveGI: 1
  m_PreserveUVs: 0
  m_IgnoreNormalsForChartDetection: 0
  m_ImportantGI: 0
  m_StitchLightmapSeams: 0
  m_SelectedEditorRenderState: 3
  m_MinimumChartSize: 4
  m_AutoUVMaxDistance: 0.5
  m_AutoUVMaxAngle: 89
  m_LightmapParameters: {fileID: 0}
  m_SortingLayerID: 0
  m_SortingLayer: 0
  m_SortingOrder: 0
--- !u!33 &2088503104442149744
MeshFilter:
  m_ObjectHideFlags: 0
  m_CorrespondingSourceObject: {fileID: 0}
  m_PrefabInstance: {fileID: 0}
  m_PrefabAsset: {fileID: 0}
  m_GameObject: {fileID: 8732365263302358252}
  m_Mesh: {fileID: 0}
--- !u!114 &8061629427637070471
MonoBehaviour:
  m_ObjectHideFlags: 0
  m_CorrespondingSourceObject: {fileID: 0}
  m_PrefabInstance: {fileID: 0}
  m_PrefabAsset: {fileID: 0}
  m_GameObject: {fileID: 8732365263302358252}
  m_Enabled: 1
  m_EditorHideFlags: 0
  m_Script: {fileID: 11500000, guid: 65d8de9ba4d6b1e499b61102892b4526, type: 3}
  m_Name: 
  m_EditorClassIdentifier: 
  precision: 0.972
  m_spline: {fileID: 3795223327169280623}
  m_meshFilter: {fileID: 2088503104442149744}
  m_shape:
  - {x: -1, y: -0.5}
  - {x: -1, y: 0}
  - {x: 1, y: 0}
  - {x: 1, y: -0.5}
  - {x: -1, y: -0.5}
  m_inverted: 0
  m_meshCollider: {fileID: 5424971590729999449}
--- !u!64 &5424971590729999449
MeshCollider:
  m_ObjectHideFlags: 0
  m_CorrespondingSourceObject: {fileID: 0}
  m_PrefabInstance: {fileID: 0}
  m_PrefabAsset: {fileID: 0}
  m_GameObject: {fileID: 8732365263302358252}
  m_Material: {fileID: 0}
  m_IsTrigger: 0
  m_Enabled: 1
  serializedVersion: 3
  m_Convex: 0
  m_CookingOptions: -1
  m_Mesh: {fileID: 0}
--- !u!1 &9084268480484009855
GameObject:
  m_ObjectHideFlags: 0
  m_CorrespondingSourceObject: {fileID: 0}
  m_PrefabInstance: {fileID: 0}
  m_PrefabAsset: {fileID: 0}
  serializedVersion: 6
  m_Component:
  - component: {fileID: 5799657360966518360}
  - component: {fileID: 2554187087017930129}
  - component: {fileID: 5724663238414309394}
  - component: {fileID: 3599384577598819833}
  - component: {fileID: 3050855201626579316}
  - component: {fileID: 7488851802689619400}
  m_Layer: 12
  m_Name: FirstRoad (1)
  m_TagString: Untagged
  m_Icon: {fileID: 0}
  m_NavMeshLayer: 0
  m_StaticEditorFlags: 0
  m_IsActive: 1
--- !u!4 &5799657360966518360
Transform:
  m_ObjectHideFlags: 0
  m_CorrespondingSourceObject: {fileID: 0}
  m_PrefabInstance: {fileID: 0}
  m_PrefabAsset: {fileID: 0}
  m_GameObject: {fileID: 9084268480484009855}
  m_LocalRotation: {x: -0, y: -0, z: -0, w: 1}
  m_LocalPosition: {x: 3, y: 0, z: 0}
  m_LocalScale: {x: 1, y: 1, z: 1}
  m_Children: []
  m_Father: {fileID: 405111630566179577}
  m_RootOrder: 6
  m_LocalEulerAnglesHint: {x: 0, y: 0, z: 0}
--- !u!114 &2554187087017930129
MonoBehaviour:
  m_ObjectHideFlags: 0
  m_CorrespondingSourceObject: {fileID: 0}
  m_PrefabInstance: {fileID: 0}
  m_PrefabAsset: {fileID: 0}
  m_GameObject: {fileID: 9084268480484009855}
  m_Enabled: 1
  m_EditorHideFlags: 0
  m_Script: {fileID: 11500000, guid: b154883273c2845f39445c8015d81639, type: 3}
  m_Name: 
  m_EditorClassIdentifier: 
  points:
  - {x: -0.7470319, y: 0, z: -4.500506}
  - {x: -0.9784316, y: -0.11123085, z: 7.7684274}
  - {x: -5.871784, y: 0.25077057, z: 17.718796}
  - {x: 0, y: 0, z: 25}
  - {x: 5.871784, y: -0.25077057, z: 32.281204}
  - {x: 1.1566491, y: 10.353097, z: 44.981636}
  - {x: -5.22041, y: 10.809946, z: 53.309074}
  - {x: -12.236151, y: 11.31255, z: 62.47053}
  - {x: -19.000206, y: 10.809946, z: 59.360703}
  - {x: -24.23733, y: 10.809946, z: 72.72991}
  - {x: -28.04659, y: 10.809946, z: 82.45411}
  - {x: -25.317928, y: 10.809946, z: 89.819595}
  - {x: -16.696749, y: 10.809946, z: 92.298515}
  - {x: -9.378093, y: 10.809946, z: 94.40291}
  - {x: -3.8198814, y: 10.809946, z: 91.57498}
  - {x: 1.0663867, y: 10.809946, z: 85.11609}
  - {x: 7.4700994, y: 10.809946, z: 76.65137}
  - {x: 11.047792, y: 4.486456, z: 72.26912}
  - {x: 14.283541, y: 3.7067394, z: 60.695538}
  - {x: 18.616404, y: 2.662652, z: 45.19781}
  - {x: 5.5107822, y: 0.1051403, z: 40.09255}
  - {x: 8.108238, y: 0.11123085, z: 31.724224}
  - {x: 13.919226, y: 0.12485654, z: 13.002741}
  - {x: 26.812803, y: 0.11123085, z: 20.977932}
  - {x: 30.586914, y: 0.11123085, z: 6.7340174}
  - {x: 34.203377, y: 0.11123085, z: -6.9149103}
  - {x: 5.357294, y: 0.11123085, z: -0.60404396}
  - {x: 0.51290226, y: 0.11123085, z: -20.36437}
  - {x: -4.6323137, y: 0.11123085, z: -41.35176}
  - {x: 17.623549, y: 0.11123085, z: -44.406334}
  - {x: 19.688528, y: 0.11123085, z: -58.165962}
  modes: 0200000002000000010000000100000001000000010000000100000001000000010000000100000001000000
  angles:
  - 0
  - 0
  - 0
  - -45
  - 0
  - 0
  - 0
  - 0
  - 0
  - 0
  - 0
  segmentLengths:
  - 31.11658
  - 33.90447
  - 30.275627
  - 24.120022
  - 20.555338
  - 29.901758
  - 34.511555
  - 41.555645
  - 52.237732
  - 50.18709
  segmentEndDistance:
  - 31.11658
  - 65.02105
  - 95.29668
  - 119.4167
  - 139.97205
  - 169.87381
  - 204.38536
  - 245.94101
  - 298.17874
  - 348.36584
  easeInOutCurve:
    serializedVersion: 2
    m_Curve:
    - serializedVersion: 3
      time: 0
      value: 0
      inSlope: 0
      outSlope: 0
      tangentMode: 0
      weightedMode: 0
      inWeight: 0.33333334
      outWeight: 0.33333334
    - serializedVersion: 3
      time: 1
      value: 1
      inSlope: 0
      outSlope: 0
      tangentMode: 0
      weightedMode: 0
      inWeight: 0.33333334
      outWeight: 0.33333334
    m_PreInfinity: 2
    m_PostInfinity: 2
    m_RotationOrder: 0
--- !u!23 &5724663238414309394
MeshRenderer:
  m_ObjectHideFlags: 0
  m_CorrespondingSourceObject: {fileID: 0}
  m_PrefabInstance: {fileID: 0}
  m_PrefabAsset: {fileID: 0}
  m_GameObject: {fileID: 9084268480484009855}
  m_Enabled: 1
  m_CastShadows: 0
  m_ReceiveShadows: 1
  m_DynamicOccludee: 1
  m_MotionVectors: 1
  m_LightProbeUsage: 1
  m_ReflectionProbeUsage: 1
  m_RenderingLayerMask: 1
  m_RendererPriority: 0
  m_Materials:
  - {fileID: 2100000, guid: 49010d517570cfc498672fe6b4c3e1ce, type: 2}
  m_StaticBatchInfo:
    firstSubMesh: 0
    subMeshCount: 0
  m_StaticBatchRoot: {fileID: 0}
  m_ProbeAnchor: {fileID: 0}
  m_LightProbeVolumeOverride: {fileID: 0}
  m_ScaleInLightmap: 1
  m_ReceiveGI: 1
  m_PreserveUVs: 0
  m_IgnoreNormalsForChartDetection: 0
  m_ImportantGI: 0
  m_StitchLightmapSeams: 0
  m_SelectedEditorRenderState: 3
  m_MinimumChartSize: 4
  m_AutoUVMaxDistance: 0.5
  m_AutoUVMaxAngle: 89
  m_LightmapParameters: {fileID: 0}
  m_SortingLayerID: 0
  m_SortingLayer: 0
  m_SortingOrder: 0
--- !u!33 &3599384577598819833
MeshFilter:
  m_ObjectHideFlags: 0
  m_CorrespondingSourceObject: {fileID: 0}
  m_PrefabInstance: {fileID: 0}
  m_PrefabAsset: {fileID: 0}
  m_GameObject: {fileID: 9084268480484009855}
  m_Mesh: {fileID: 0}
--- !u!114 &3050855201626579316
MonoBehaviour:
  m_ObjectHideFlags: 0
  m_CorrespondingSourceObject: {fileID: 0}
  m_PrefabInstance: {fileID: 0}
  m_PrefabAsset: {fileID: 0}
  m_GameObject: {fileID: 9084268480484009855}
  m_Enabled: 1
  m_EditorHideFlags: 0
  m_Script: {fileID: 11500000, guid: 65d8de9ba4d6b1e499b61102892b4526, type: 3}
  m_Name: 
  m_EditorClassIdentifier: 
  precision: 1
  m_spline: {fileID: 2554187087017930129}
  m_meshFilter: {fileID: 3599384577598819833}
  m_shape:
  - {x: -1, y: -0.5}
  - {x: -1, y: 0}
  - {x: 1, y: 0}
  - {x: 1, y: -0.5}
  - {x: -1, y: -0.5}
  m_inverted: 0
  m_meshCollider: {fileID: 7488851802689619400}
--- !u!64 &7488851802689619400
MeshCollider:
  m_ObjectHideFlags: 0
  m_CorrespondingSourceObject: {fileID: 0}
  m_PrefabInstance: {fileID: 0}
  m_PrefabAsset: {fileID: 0}
  m_GameObject: {fileID: 9084268480484009855}
  m_Material: {fileID: 0}
  m_IsTrigger: 0
  m_Enabled: 1
  serializedVersion: 3
  m_Convex: 0
  m_CookingOptions: -1
  m_Mesh: {fileID: 0}
--- !u!1001 &405111630832669881
PrefabInstance:
  m_ObjectHideFlags: 0
  serializedVersion: 2
  m_Modification:
    m_TransformParent: {fileID: 405111630566179577}
    m_Modifications:
    - target: {fileID: 4561916117847393527, guid: af802b16ea5a8e04d8c7683370132a31,
        type: 3}
      propertyPath: m_Name
      value: Poteau
      objectReference: {fileID: 0}
    - target: {fileID: 9136174029297260533, guid: af802b16ea5a8e04d8c7683370132a31,
        type: 3}
      propertyPath: m_LocalPosition.x
      value: 41.65994
      objectReference: {fileID: 0}
    - target: {fileID: 9136174029297260533, guid: af802b16ea5a8e04d8c7683370132a31,
        type: 3}
      propertyPath: m_LocalPosition.y
      value: -0.52543676
      objectReference: {fileID: 0}
    - target: {fileID: 9136174029297260533, guid: af802b16ea5a8e04d8c7683370132a31,
        type: 3}
      propertyPath: m_LocalPosition.z
      value: 16.978222
      objectReference: {fileID: 0}
    - target: {fileID: 9136174029297260533, guid: af802b16ea5a8e04d8c7683370132a31,
        type: 3}
      propertyPath: m_LocalRotation.x
      value: -0.49999997
      objectReference: {fileID: 0}
    - target: {fileID: 9136174029297260533, guid: af802b16ea5a8e04d8c7683370132a31,
        type: 3}
      propertyPath: m_LocalRotation.y
      value: -0.5
      objectReference: {fileID: 0}
    - target: {fileID: 9136174029297260533, guid: af802b16ea5a8e04d8c7683370132a31,
        type: 3}
      propertyPath: m_LocalRotation.z
      value: -0.49999997
      objectReference: {fileID: 0}
    - target: {fileID: 9136174029297260533, guid: af802b16ea5a8e04d8c7683370132a31,
        type: 3}
      propertyPath: m_LocalRotation.w
      value: 0.50000006
      objectReference: {fileID: 0}
    - target: {fileID: 9136174029297260533, guid: af802b16ea5a8e04d8c7683370132a31,
        type: 3}
      propertyPath: m_RootOrder
      value: 4
      objectReference: {fileID: 0}
    - target: {fileID: 9136174029297260533, guid: af802b16ea5a8e04d8c7683370132a31,
        type: 3}
      propertyPath: m_LocalEulerAnglesHint.x
      value: 0
      objectReference: {fileID: 0}
    - target: {fileID: 9136174029297260533, guid: af802b16ea5a8e04d8c7683370132a31,
        type: 3}
      propertyPath: m_LocalEulerAnglesHint.y
      value: 0
      objectReference: {fileID: 0}
    - target: {fileID: 9136174029297260533, guid: af802b16ea5a8e04d8c7683370132a31,
        type: 3}
      propertyPath: m_LocalEulerAnglesHint.z
      value: 0
      objectReference: {fileID: 0}
    m_RemovedComponents: []
  m_SourcePrefab: {fileID: 100100000, guid: af802b16ea5a8e04d8c7683370132a31, type: 3}
--- !u!4 &8887021800672756556 stripped
Transform:
  m_CorrespondingSourceObject: {fileID: 9136174029297260533, guid: af802b16ea5a8e04d8c7683370132a31,
    type: 3}
  m_PrefabInstance: {fileID: 405111630832669881}
  m_PrefabAsset: {fileID: 0}
--- !u!1001 &405111630995145404
PrefabInstance:
  m_ObjectHideFlags: 0
  serializedVersion: 2
  m_Modification:
    m_TransformParent: {fileID: 405111630566179577}
    m_Modifications:
    - target: {fileID: 8829832883019604542, guid: 0418e4ee9f5552c41acb8780340cca9e,
        type: 3}
      propertyPath: m_Name
      value: Arbre
      objectReference: {fileID: 0}
    - target: {fileID: 2095435616523120598, guid: 0418e4ee9f5552c41acb8780340cca9e,
        type: 3}
      propertyPath: m_LocalPosition.x
      value: 41.944473
      objectReference: {fileID: 0}
    - target: {fileID: 2095435616523120598, guid: 0418e4ee9f5552c41acb8780340cca9e,
        type: 3}
      propertyPath: m_LocalPosition.y
      value: -0.5322101
      objectReference: {fileID: 0}
    - target: {fileID: 2095435616523120598, guid: 0418e4ee9f5552c41acb8780340cca9e,
        type: 3}
      propertyPath: m_LocalPosition.z
      value: 18.564913
      objectReference: {fileID: 0}
    - target: {fileID: 2095435616523120598, guid: 0418e4ee9f5552c41acb8780340cca9e,
        type: 3}
      propertyPath: m_LocalRotation.x
      value: -0.7071068
      objectReference: {fileID: 0}
    - target: {fileID: 2095435616523120598, guid: 0418e4ee9f5552c41acb8780340cca9e,
        type: 3}
      propertyPath: m_LocalRotation.y
      value: -0
      objectReference: {fileID: 0}
    - target: {fileID: 2095435616523120598, guid: 0418e4ee9f5552c41acb8780340cca9e,
        type: 3}
      propertyPath: m_LocalRotation.z
      value: -0
      objectReference: {fileID: 0}
    - target: {fileID: 2095435616523120598, guid: 0418e4ee9f5552c41acb8780340cca9e,
        type: 3}
      propertyPath: m_LocalRotation.w
      value: 0.7071068
      objectReference: {fileID: 0}
    - target: {fileID: 2095435616523120598, guid: 0418e4ee9f5552c41acb8780340cca9e,
        type: 3}
      propertyPath: m_RootOrder
      value: 2
      objectReference: {fileID: 0}
    - target: {fileID: 2095435616523120598, guid: 0418e4ee9f5552c41acb8780340cca9e,
        type: 3}
      propertyPath: m_LocalEulerAnglesHint.x
      value: 0
      objectReference: {fileID: 0}
    - target: {fileID: 2095435616523120598, guid: 0418e4ee9f5552c41acb8780340cca9e,
        type: 3}
      propertyPath: m_LocalEulerAnglesHint.y
      value: 0
      objectReference: {fileID: 0}
    - target: {fileID: 2095435616523120598, guid: 0418e4ee9f5552c41acb8780340cca9e,
        type: 3}
      propertyPath: m_LocalEulerAnglesHint.z
      value: 0
      objectReference: {fileID: 0}
    m_RemovedComponents: []
  m_SourcePrefab: {fileID: 100100000, guid: 0418e4ee9f5552c41acb8780340cca9e, type: 3}
--- !u!4 &1768583654454832490 stripped
Transform:
  m_CorrespondingSourceObject: {fileID: 2095435616523120598, guid: 0418e4ee9f5552c41acb8780340cca9e,
    type: 3}
  m_PrefabInstance: {fileID: 405111630995145404}
  m_PrefabAsset: {fileID: 0}
--- !u!1001 &405111631511210195
PrefabInstance:
  m_ObjectHideFlags: 0
  serializedVersion: 2
  m_Modification:
    m_TransformParent: {fileID: 405111630566179577}
    m_Modifications:
    - target: {fileID: 8405145183178518043, guid: e232e0137e2b16f4b91714577a25a0e7,
        type: 3}
      propertyPath: m_Name
      value: Maison
      objectReference: {fileID: 0}
    - target: {fileID: 2563861533998141661, guid: e232e0137e2b16f4b91714577a25a0e7,
        type: 3}
      propertyPath: m_LocalPosition.x
      value: 42.68017
      objectReference: {fileID: 0}
    - target: {fileID: 2563861533998141661, guid: e232e0137e2b16f4b91714577a25a0e7,
        type: 3}
      propertyPath: m_LocalPosition.y
      value: -0.5322101
      objectReference: {fileID: 0}
    - target: {fileID: 2563861533998141661, guid: e232e0137e2b16f4b91714577a25a0e7,
        type: 3}
      propertyPath: m_LocalPosition.z
      value: 13.761284
      objectReference: {fileID: 0}
    - target: {fileID: 2563861533998141661, guid: e232e0137e2b16f4b91714577a25a0e7,
        type: 3}
      propertyPath: m_LocalRotation.x
      value: -0.7071068
      objectReference: {fileID: 0}
    - target: {fileID: 2563861533998141661, guid: e232e0137e2b16f4b91714577a25a0e7,
        type: 3}
      propertyPath: m_LocalRotation.y
      value: -0
      objectReference: {fileID: 0}
    - target: {fileID: 2563861533998141661, guid: e232e0137e2b16f4b91714577a25a0e7,
        type: 3}
      propertyPath: m_LocalRotation.z
      value: -0
      objectReference: {fileID: 0}
    - target: {fileID: 2563861533998141661, guid: e232e0137e2b16f4b91714577a25a0e7,
        type: 3}
      propertyPath: m_LocalRotation.w
      value: 0.7071068
      objectReference: {fileID: 0}
    - target: {fileID: 2563861533998141661, guid: e232e0137e2b16f4b91714577a25a0e7,
        type: 3}
      propertyPath: m_RootOrder
      value: 3
      objectReference: {fileID: 0}
    - target: {fileID: 2563861533998141661, guid: e232e0137e2b16f4b91714577a25a0e7,
        type: 3}
      propertyPath: m_LocalEulerAnglesHint.x
      value: 0
      objectReference: {fileID: 0}
    - target: {fileID: 2563861533998141661, guid: e232e0137e2b16f4b91714577a25a0e7,
        type: 3}
      propertyPath: m_LocalEulerAnglesHint.y
      value: 0
      objectReference: {fileID: 0}
    - target: {fileID: 2563861533998141661, guid: e232e0137e2b16f4b91714577a25a0e7,
        type: 3}
      propertyPath: m_LocalEulerAnglesHint.z
      value: 0
      objectReference: {fileID: 0}
    m_RemovedComponents: []
  m_SourcePrefab: {fileID: 100100000, guid: e232e0137e2b16f4b91714577a25a0e7, type: 3}
--- !u!4 &2741448190982461454 stripped
Transform:
  m_CorrespondingSourceObject: {fileID: 2563861533998141661, guid: e232e0137e2b16f4b91714577a25a0e7,
    type: 3}
  m_PrefabInstance: {fileID: 405111631511210195}
  m_PrefabAsset: {fileID: 0}
