%YAML 1.1
%TAG !u! tag:unity3d.com,2011:
--- !u!29 &1
OcclusionCullingSettings:
  m_ObjectHideFlags: 0
  serializedVersion: 2
  m_OcclusionBakeSettings:
    smallestOccluder: 5
    smallestHole: 0.25
    backfaceThreshold: 100
  m_SceneGUID: 00000000000000000000000000000000
  m_OcclusionCullingData: {fileID: 0}
--- !u!104 &2
RenderSettings:
  m_ObjectHideFlags: 0
  serializedVersion: 9
  m_Fog: 0
  m_FogColor: {r: 0.5, g: 0.5, b: 0.5, a: 1}
  m_FogMode: 3
  m_FogDensity: 0.01
  m_LinearFogStart: 0
  m_LinearFogEnd: 300
  m_AmbientSkyColor: {r: 0.212, g: 0.227, b: 0.259, a: 1}
  m_AmbientEquatorColor: {r: 0.114, g: 0.125, b: 0.133, a: 1}
  m_AmbientGroundColor: {r: 0.047, g: 0.043, b: 0.035, a: 1}
  m_AmbientIntensity: 1
  m_AmbientMode: 3
  m_SubtractiveShadowColor: {r: 0.42, g: 0.478, b: 0.627, a: 1}
  m_SkyboxMaterial: {fileID: 2100000, guid: 416cacf9001c1bb42baf2be4df2c728a, type: 2}
  m_HaloStrength: 0.5
  m_FlareStrength: 1
  m_FlareFadeSpeed: 3
  m_HaloTexture: {fileID: 0}
  m_SpotCookie: {fileID: 10001, guid: 0000000000000000e000000000000000, type: 0}
  m_DefaultReflectionMode: 0
  m_DefaultReflectionResolution: 128
  m_ReflectionBounces: 1
  m_ReflectionIntensity: 1
  m_CustomReflection: {fileID: 0}
  m_Sun: {fileID: 0}
  m_IndirectSpecularColor: {r: 0, g: 0, b: 0, a: 1}
  m_UseRadianceAmbientProbe: 0
--- !u!157 &3
LightmapSettings:
  m_ObjectHideFlags: 0
  serializedVersion: 11
  m_GIWorkflowMode: 1
  m_GISettings:
    serializedVersion: 2
    m_BounceScale: 1
    m_IndirectOutputScale: 1
    m_AlbedoBoost: 1
    m_EnvironmentLightingMode: 0
    m_EnableBakedLightmaps: 0
    m_EnableRealtimeLightmaps: 0
  m_LightmapEditorSettings:
    serializedVersion: 12
    m_Resolution: 2
    m_BakeResolution: 40
    m_AtlasSize: 1024
    m_AO: 0
    m_AOMaxDistance: 1
    m_CompAOExponent: 1
    m_CompAOExponentDirect: 0
    m_ExtractAmbientOcclusion: 0
    m_Padding: 2
    m_LightmapParameters: {fileID: 0}
    m_LightmapsBakeMode: 1
    m_TextureCompression: 1
    m_FinalGather: 0
    m_FinalGatherFiltering: 1
    m_FinalGatherRayCount: 256
    m_ReflectionCompression: 2
    m_MixedBakeMode: 2
    m_BakeBackend: 1
    m_PVRSampling: 1
    m_PVRDirectSampleCount: 32
    m_PVRSampleCount: 512
    m_PVRBounces: 2
    m_PVREnvironmentSampleCount: 256
    m_PVREnvironmentReferencePointCount: 2048
    m_PVRFilteringMode: 1
    m_PVRDenoiserTypeDirect: 1
    m_PVRDenoiserTypeIndirect: 1
    m_PVRDenoiserTypeAO: 1
    m_PVRFilterTypeDirect: 0
    m_PVRFilterTypeIndirect: 0
    m_PVRFilterTypeAO: 0
    m_PVREnvironmentMIS: 1
    m_PVRCulling: 1
    m_PVRFilteringGaussRadiusDirect: 1
    m_PVRFilteringGaussRadiusIndirect: 5
    m_PVRFilteringGaussRadiusAO: 2
    m_PVRFilteringAtrousPositionSigmaDirect: 0.5
    m_PVRFilteringAtrousPositionSigmaIndirect: 2
    m_PVRFilteringAtrousPositionSigmaAO: 1
    m_ExportTrainingData: 0
    m_TrainingDataDestination: TrainingData
  m_LightingDataAsset: {fileID: 0}
  m_UseShadowmask: 1
--- !u!196 &4
NavMeshSettings:
  serializedVersion: 2
  m_ObjectHideFlags: 0
  m_BuildSettings:
    serializedVersion: 2
    agentTypeID: 0
    agentRadius: 0.5
    agentHeight: 2
    agentSlope: 45
    agentClimb: 0.4
    ledgeDropHeight: 0
    maxJumpAcrossDistance: 0
    minRegionArea: 2
    manualCellSize: 0
    cellSize: 0.16666667
    manualTileSize: 0
    tileSize: 256
    accuratePlacement: 0
    debug:
      m_Flags: 0
  m_NavMeshData: {fileID: 0}
--- !u!1001 &84990487
PrefabInstance:
  m_ObjectHideFlags: 0
  serializedVersion: 2
  m_Modification:
    m_TransformParent: {fileID: 989978070}
    m_Modifications:
    - target: {fileID: 1448408671027810, guid: 56752afcb04eaec478aa8e614debc98a, type: 3}
      propertyPath: m_IsActive
      value: 0
      objectReference: {fileID: 0}
    - target: {fileID: 1448408671027810, guid: 56752afcb04eaec478aa8e614debc98a, type: 3}
      propertyPath: m_Layer
      value: 5
      objectReference: {fileID: 0}
    - target: {fileID: 224559428931537264, guid: 56752afcb04eaec478aa8e614debc98a,
        type: 3}
      propertyPath: m_LocalPosition.x
      value: 0
      objectReference: {fileID: 0}
    - target: {fileID: 224559428931537264, guid: 56752afcb04eaec478aa8e614debc98a,
        type: 3}
      propertyPath: m_LocalPosition.y
      value: 0
      objectReference: {fileID: 0}
    - target: {fileID: 224559428931537264, guid: 56752afcb04eaec478aa8e614debc98a,
        type: 3}
      propertyPath: m_LocalPosition.z
      value: 0
      objectReference: {fileID: 0}
    - target: {fileID: 224559428931537264, guid: 56752afcb04eaec478aa8e614debc98a,
        type: 3}
      propertyPath: m_LocalRotation.x
      value: -0
      objectReference: {fileID: 0}
    - target: {fileID: 224559428931537264, guid: 56752afcb04eaec478aa8e614debc98a,
        type: 3}
      propertyPath: m_LocalRotation.y
      value: -0
      objectReference: {fileID: 0}
    - target: {fileID: 224559428931537264, guid: 56752afcb04eaec478aa8e614debc98a,
        type: 3}
      propertyPath: m_LocalRotation.z
      value: -0
      objectReference: {fileID: 0}
    - target: {fileID: 224559428931537264, guid: 56752afcb04eaec478aa8e614debc98a,
        type: 3}
      propertyPath: m_LocalRotation.w
      value: 1
      objectReference: {fileID: 0}
    - target: {fileID: 224559428931537264, guid: 56752afcb04eaec478aa8e614debc98a,
        type: 3}
      propertyPath: m_RootOrder
      value: 3
      objectReference: {fileID: 0}
    - target: {fileID: 224559428931537264, guid: 56752afcb04eaec478aa8e614debc98a,
        type: 3}
      propertyPath: m_AnchoredPosition.x
      value: 0
      objectReference: {fileID: 0}
    - target: {fileID: 224559428931537264, guid: 56752afcb04eaec478aa8e614debc98a,
        type: 3}
      propertyPath: m_AnchoredPosition.y
      value: 0
      objectReference: {fileID: 0}
    - target: {fileID: 224559428931537264, guid: 56752afcb04eaec478aa8e614debc98a,
        type: 3}
      propertyPath: m_SizeDelta.x
      value: 0
      objectReference: {fileID: 0}
    - target: {fileID: 224559428931537264, guid: 56752afcb04eaec478aa8e614debc98a,
        type: 3}
      propertyPath: m_SizeDelta.y
      value: 0
      objectReference: {fileID: 0}
    - target: {fileID: 224559428931537264, guid: 56752afcb04eaec478aa8e614debc98a,
        type: 3}
      propertyPath: m_AnchorMin.x
      value: 0
      objectReference: {fileID: 0}
    - target: {fileID: 224559428931537264, guid: 56752afcb04eaec478aa8e614debc98a,
        type: 3}
      propertyPath: m_AnchorMin.y
      value: 0
      objectReference: {fileID: 0}
    - target: {fileID: 224559428931537264, guid: 56752afcb04eaec478aa8e614debc98a,
        type: 3}
      propertyPath: m_AnchorMax.x
      value: 1
      objectReference: {fileID: 0}
    - target: {fileID: 224559428931537264, guid: 56752afcb04eaec478aa8e614debc98a,
        type: 3}
      propertyPath: m_AnchorMax.y
      value: 1
      objectReference: {fileID: 0}
    - target: {fileID: 224559428931537264, guid: 56752afcb04eaec478aa8e614debc98a,
        type: 3}
      propertyPath: m_Pivot.x
      value: 0.5
      objectReference: {fileID: 0}
    - target: {fileID: 224559428931537264, guid: 56752afcb04eaec478aa8e614debc98a,
        type: 3}
      propertyPath: m_Pivot.y
      value: 0.5
      objectReference: {fileID: 0}
    - target: {fileID: 1052105582303106, guid: 56752afcb04eaec478aa8e614debc98a, type: 3}
      propertyPath: m_IsActive
      value: 0
      objectReference: {fileID: 0}
    - target: {fileID: 1052105582303106, guid: 56752afcb04eaec478aa8e614debc98a, type: 3}
      propertyPath: m_Layer
      value: 5
      objectReference: {fileID: 0}
    - target: {fileID: 1437019867794886, guid: 56752afcb04eaec478aa8e614debc98a, type: 3}
      propertyPath: m_Layer
      value: 5
      objectReference: {fileID: 0}
    - target: {fileID: 1766115358451174, guid: 56752afcb04eaec478aa8e614debc98a, type: 3}
      propertyPath: m_Layer
      value: 5
      objectReference: {fileID: 0}
    - target: {fileID: 1104653799630010, guid: 56752afcb04eaec478aa8e614debc98a, type: 3}
      propertyPath: m_Layer
      value: 5
      objectReference: {fileID: 0}
    - target: {fileID: 1125641166665204, guid: 56752afcb04eaec478aa8e614debc98a, type: 3}
      propertyPath: m_Layer
      value: 5
      objectReference: {fileID: 0}
    - target: {fileID: 1670208477307538, guid: 56752afcb04eaec478aa8e614debc98a, type: 3}
      propertyPath: m_Layer
      value: 5
      objectReference: {fileID: 0}
    - target: {fileID: 1322343230753886, guid: 56752afcb04eaec478aa8e614debc98a, type: 3}
      propertyPath: m_Layer
      value: 5
      objectReference: {fileID: 0}
    - target: {fileID: 1800170151992290, guid: 56752afcb04eaec478aa8e614debc98a, type: 3}
      propertyPath: m_Layer
      value: 5
      objectReference: {fileID: 0}
    - target: {fileID: 199430325632772132, guid: 56752afcb04eaec478aa8e614debc98a,
        type: 3}
      propertyPath: m_Materials.Array.data[0]
      value: 
      objectReference: {fileID: 2100000, guid: 896f025492599af44bbb495e0821c0ec, type: 2}
    - target: {fileID: 114054188652876626, guid: 56752afcb04eaec478aa8e614debc98a,
        type: 3}
      propertyPath: m_Sprite
      value: 
      objectReference: {fileID: 21300000, guid: 8ca69df9532c44c4caabc5e469cdaac0,
        type: 3}
    - target: {fileID: 114054188652876626, guid: 56752afcb04eaec478aa8e614debc98a,
        type: 3}
      propertyPath: m_Type
      value: 0
      objectReference: {fileID: 0}
    - target: {fileID: 114382716772984006, guid: 56752afcb04eaec478aa8e614debc98a,
        type: 3}
      propertyPath: m_Sprite
      value: 
      objectReference: {fileID: 21300000, guid: 8ca69df9532c44c4caabc5e469cdaac0,
        type: 3}
    - target: {fileID: 114382716772984006, guid: 56752afcb04eaec478aa8e614debc98a,
        type: 3}
      propertyPath: m_Type
      value: 0
      objectReference: {fileID: 0}
    - target: {fileID: 1124207582454792, guid: 56752afcb04eaec478aa8e614debc98a, type: 3}
      propertyPath: m_Layer
      value: 5
      objectReference: {fileID: 0}
    - target: {fileID: 1112244085693064, guid: 56752afcb04eaec478aa8e614debc98a, type: 3}
      propertyPath: m_Layer
      value: 5
      objectReference: {fileID: 0}
    - target: {fileID: 1013525601039854, guid: 56752afcb04eaec478aa8e614debc98a, type: 3}
      propertyPath: m_Layer
      value: 5
      objectReference: {fileID: 0}
    - target: {fileID: 1672233742421990, guid: 56752afcb04eaec478aa8e614debc98a, type: 3}
      propertyPath: m_Layer
      value: 5
      objectReference: {fileID: 0}
    - target: {fileID: 1334551595685682, guid: 56752afcb04eaec478aa8e614debc98a, type: 3}
      propertyPath: m_Layer
      value: 5
      objectReference: {fileID: 0}
    - target: {fileID: 1227387831375618, guid: 56752afcb04eaec478aa8e614debc98a, type: 3}
      propertyPath: m_Layer
      value: 5
      objectReference: {fileID: 0}
    - target: {fileID: 1894694166336222, guid: 56752afcb04eaec478aa8e614debc98a, type: 3}
      propertyPath: m_Layer
      value: 5
      objectReference: {fileID: 0}
    - target: {fileID: 1774060306212396, guid: 56752afcb04eaec478aa8e614debc98a, type: 3}
      propertyPath: m_Layer
      value: 5
      objectReference: {fileID: 0}
    - target: {fileID: 1760912723774928, guid: 56752afcb04eaec478aa8e614debc98a, type: 3}
      propertyPath: m_Layer
      value: 5
      objectReference: {fileID: 0}
    - target: {fileID: 1750249563776706, guid: 56752afcb04eaec478aa8e614debc98a, type: 3}
      propertyPath: m_Layer
      value: 5
      objectReference: {fileID: 0}
    - target: {fileID: 1079019913645000, guid: 56752afcb04eaec478aa8e614debc98a, type: 3}
      propertyPath: m_Layer
      value: 5
      objectReference: {fileID: 0}
    - target: {fileID: 1369055992426500, guid: 56752afcb04eaec478aa8e614debc98a, type: 3}
      propertyPath: m_Layer
      value: 5
      objectReference: {fileID: 0}
    - target: {fileID: 1373280122646298, guid: 56752afcb04eaec478aa8e614debc98a, type: 3}
      propertyPath: m_Layer
      value: 5
      objectReference: {fileID: 0}
    - target: {fileID: 1285320629831836, guid: 56752afcb04eaec478aa8e614debc98a, type: 3}
      propertyPath: m_Layer
      value: 5
      objectReference: {fileID: 0}
    - target: {fileID: 1310677219717400, guid: 56752afcb04eaec478aa8e614debc98a, type: 3}
      propertyPath: m_Layer
      value: 5
      objectReference: {fileID: 0}
    - target: {fileID: 1219763264322494, guid: 56752afcb04eaec478aa8e614debc98a, type: 3}
      propertyPath: m_Layer
      value: 5
      objectReference: {fileID: 0}
    - target: {fileID: 1266444421279000, guid: 56752afcb04eaec478aa8e614debc98a, type: 3}
      propertyPath: m_Layer
      value: 5
      objectReference: {fileID: 0}
    - target: {fileID: 1786256175032772, guid: 56752afcb04eaec478aa8e614debc98a, type: 3}
      propertyPath: m_Layer
      value: 5
      objectReference: {fileID: 0}
    - target: {fileID: 114250397972168724, guid: 56752afcb04eaec478aa8e614debc98a,
        type: 3}
      propertyPath: m_Sprite
      value: 
      objectReference: {fileID: 21300000, guid: 7d1e8f9e2ccb4ab4e97a362bfc5e2b2a,
        type: 3}
    - target: {fileID: 114250397972168724, guid: 56752afcb04eaec478aa8e614debc98a,
        type: 3}
      propertyPath: m_Type
      value: 0
      objectReference: {fileID: 0}
    - target: {fileID: 114359035646232048, guid: 56752afcb04eaec478aa8e614debc98a,
        type: 3}
      propertyPath: m_Text
      value: 'Do you like Fire Truck?

'
      objectReference: {fileID: 0}
    - target: {fileID: 114359035646232048, guid: 56752afcb04eaec478aa8e614debc98a,
        type: 3}
      propertyPath: m_FontData.m_Font
      value: 
      objectReference: {fileID: 12800000, guid: 121fba6418edadc4993e06fd41b668c3,
        type: 3}
    - target: {fileID: 114509403889397302, guid: 56752afcb04eaec478aa8e614debc98a,
        type: 3}
      propertyPath: m_Text
      value: Would you like to rate Fire Truck?
      objectReference: {fileID: 0}
    - target: {fileID: 114509403889397302, guid: 56752afcb04eaec478aa8e614debc98a,
        type: 3}
      propertyPath: m_FontData.m_Font
      value: 
      objectReference: {fileID: 12800000, guid: 121fba6418edadc4993e06fd41b668c3,
        type: 3}
    - target: {fileID: 114582324421179586, guid: 56752afcb04eaec478aa8e614debc98a,
        type: 3}
      propertyPath: m_FontData.m_Font
      value: 
      objectReference: {fileID: 12800000, guid: 121fba6418edadc4993e06fd41b668c3,
        type: 3}
    - target: {fileID: 114617767663353196, guid: 56752afcb04eaec478aa8e614debc98a,
        type: 3}
      propertyPath: m_FontData.m_Font
      value: 
      objectReference: {fileID: 12800000, guid: 121fba6418edadc4993e06fd41b668c3,
        type: 3}
    - target: {fileID: 114661760877330712, guid: 56752afcb04eaec478aa8e614debc98a,
        type: 3}
      propertyPath: m_FontData.m_Font
      value: 
      objectReference: {fileID: 12800000, guid: 121fba6418edadc4993e06fd41b668c3,
        type: 3}
    - target: {fileID: 114635676431656374, guid: 56752afcb04eaec478aa8e614debc98a,
        type: 3}
      propertyPath: m_FontData.m_Font
      value: 
      objectReference: {fileID: 12800000, guid: 121fba6418edadc4993e06fd41b668c3,
        type: 3}
    m_RemovedComponents: []
  m_SourcePrefab: {fileID: 100100000, guid: 56752afcb04eaec478aa8e614debc98a, type: 3}
--- !u!224 &84990488 stripped
RectTransform:
  m_CorrespondingSourceObject: {fileID: 224559428931537264, guid: 56752afcb04eaec478aa8e614debc98a,
    type: 3}
  m_PrefabInstance: {fileID: 84990487}
  m_PrefabAsset: {fileID: 0}
--- !u!114 &84990489 stripped
MonoBehaviour:
  m_CorrespondingSourceObject: {fileID: 114839450634254276, guid: 56752afcb04eaec478aa8e614debc98a,
    type: 3}
  m_PrefabInstance: {fileID: 84990487}
  m_PrefabAsset: {fileID: 0}
  m_GameObject: {fileID: 0}
  m_Enabled: 1
  m_EditorHideFlags: 0
  m_Script: {fileID: 11500000, guid: 71481899bc2cf6b4a87b6caf02a3fc4a, type: 3}
  m_Name: 
  m_EditorClassIdentifier: 
--- !u!1 &116546100
GameObject:
  m_ObjectHideFlags: 0
  m_CorrespondingSourceObject: {fileID: 0}
  m_PrefabInstance: {fileID: 0}
  m_PrefabAsset: {fileID: 0}
  serializedVersion: 6
  m_Component:
  - component: {fileID: 116546101}
  - component: {fileID: 116546102}
  m_Layer: 5
  m_Name: Panels
  m_TagString: Untagged
  m_Icon: {fileID: 0}
  m_NavMeshLayer: 0
  m_StaticEditorFlags: 0
  m_IsActive: 1
--- !u!224 &116546101
RectTransform:
  m_ObjectHideFlags: 0
  m_CorrespondingSourceObject: {fileID: 0}
  m_PrefabInstance: {fileID: 0}
  m_PrefabAsset: {fileID: 0}
  m_GameObject: {fileID: 116546100}
  m_LocalRotation: {x: -0, y: -0, z: -0, w: 1}
  m_LocalPosition: {x: 0, y: 0, z: 0}
  m_LocalScale: {x: 1, y: 1, z: 1}
  m_Children:
  - {fileID: 1984578717}
  - {fileID: 353270157}
  m_Father: {fileID: 211502219}
  m_RootOrder: 0
  m_LocalEulerAnglesHint: {x: 0, y: 0, z: 0}
  m_AnchorMin: {x: 0, y: 0}
  m_AnchorMax: {x: 1, y: 1}
  m_AnchoredPosition: {x: 0, y: 0}
  m_SizeDelta: {x: 0, y: 0}
  m_Pivot: {x: 0.5, y: 0.5}
--- !u!114 &116546102
MonoBehaviour:
  m_ObjectHideFlags: 0
  m_CorrespondingSourceObject: {fileID: 0}
  m_PrefabInstance: {fileID: 0}
  m_PrefabAsset: {fileID: 0}
  m_GameObject: {fileID: 116546100}
  m_Enabled: 1
  m_EditorHideFlags: 0
  m_Script: {fileID: 11500000, guid: c97afc556caea1c44969477eb7ddec74, type: 3}
  m_Name: 
  m_EditorClassIdentifier: 
  ConformX: 3
  ConformY: 3
--- !u!1 &195762717
GameObject:
  m_ObjectHideFlags: 0
  m_CorrespondingSourceObject: {fileID: 0}
  m_PrefabInstance: {fileID: 0}
  m_PrefabAsset: {fileID: 0}
  serializedVersion: 6
  m_Component:
  - component: {fileID: 195762719}
  - component: {fileID: 195762718}
  m_Layer: 0
  m_Name: CM vcam1
  m_TagString: Untagged
  m_Icon: {fileID: 0}
  m_NavMeshLayer: 0
  m_StaticEditorFlags: 0
  m_IsActive: 1
--- !u!114 &195762718
MonoBehaviour:
  m_ObjectHideFlags: 0
  m_CorrespondingSourceObject: {fileID: 0}
  m_PrefabInstance: {fileID: 0}
  m_PrefabAsset: {fileID: 0}
  m_GameObject: {fileID: 195762717}
  m_Enabled: 1
  m_EditorHideFlags: 0
  m_Script: {fileID: 11500000, guid: 45e653bab7fb20e499bda25e1b646fea, type: 3}
  m_Name: 
  m_EditorClassIdentifier: 
  m_ExcludedPropertiesInInspector:
  - m_Script
  m_LockStageInInspector: 
  m_StreamingVersion: 20170927
  m_Priority: 10
  m_StandbyUpdate: 2
  m_LookAt: {fileID: 0}
  m_Follow: {fileID: 0}
  m_Lens:
    FieldOfView: 60
    OrthographicSize: 10
    NearClipPlane: 0.1
    FarClipPlane: 5000
    Dutch: 0
    LensShift: {x: 0, y: 0}
  m_Transitions:
    m_BlendHint: 0
    m_InheritPosition: 0
    m_OnCameraLive:
      m_PersistentCalls:
        m_Calls: []
      m_TypeName: Cinemachine.CinemachineBrain+VcamActivatedEvent, Cinemachine, Version=0.0.0.0,
        Culture=neutral, PublicKeyToken=null
  m_LegacyBlendHint: 0
  m_ComponentOwner: {fileID: 624743312}
--- !u!4 &195762719
Transform:
  m_ObjectHideFlags: 0
  m_CorrespondingSourceObject: {fileID: 0}
  m_PrefabInstance: {fileID: 0}
  m_PrefabAsset: {fileID: 0}
  m_GameObject: {fileID: 195762717}
  m_LocalRotation: {x: 0, y: 0, z: 0, w: 1}
  m_LocalPosition: {x: 0.87547255, y: 4.62, z: -14.35451}
  m_LocalScale: {x: 1, y: 1, z: 1}
  m_Children:
  - {fileID: 624743312}
  m_Father: {fileID: 0}
  m_RootOrder: 6
  m_LocalEulerAnglesHint: {x: 0, y: 0, z: 0}
--- !u!1 &211502210
GameObject:
  m_ObjectHideFlags: 0
  m_CorrespondingSourceObject: {fileID: 0}
  m_PrefabInstance: {fileID: 0}
  m_PrefabAsset: {fileID: 0}
  serializedVersion: 6
  m_Component:
  - component: {fileID: 211502219}
  - component: {fileID: 211502218}
  - component: {fileID: 211502217}
  - component: {fileID: 211502216}
  - component: {fileID: 211502215}
  - component: {fileID: 211502214}
  - component: {fileID: 211502213}
  - component: {fileID: 211502212}
  - component: {fileID: 211502211}
  m_Layer: 5
  m_Name: MainSceneUIManager
  m_TagString: Untagged
  m_Icon: {fileID: 0}
  m_NavMeshLayer: 0
  m_StaticEditorFlags: 0
  m_IsActive: 1
--- !u!114 &211502211
MonoBehaviour:
  m_ObjectHideFlags: 0
  m_CorrespondingSourceObject: {fileID: 0}
  m_PrefabInstance: {fileID: 0}
  m_PrefabAsset: {fileID: 0}
  m_GameObject: {fileID: 211502210}
  m_Enabled: 1
  m_EditorHideFlags: 0
  m_Script: {fileID: 11500000, guid: 46a9aa5a2b725044dbb08aa38d27d408, type: 3}
  m_Name: 
  m_EditorClassIdentifier: 
  m_moneyPS: {fileID: 353270156}
--- !u!114 &211502212
MonoBehaviour:
  m_ObjectHideFlags: 0
  m_CorrespondingSourceObject: {fileID: 0}
  m_PrefabInstance: {fileID: 0}
  m_PrefabAsset: {fileID: 0}
  m_GameObject: {fileID: 211502210}
  m_Enabled: 1
  m_EditorHideFlags: 0
  m_Script: {fileID: 11500000, guid: b9e5ce566045848c98ffb976edaf831c, type: 3}
  m_Name: 
  m_EditorClassIdentifier: 
  m_panels:
  - {fileID: 1984578718}
  - {fileID: 353270158}
  m_popups:
  - {fileID: 913528461}
  - {fileID: 2011732741}
  - {fileID: 84990489}
  - {fileID: 366007713}
  m_processingPopup: {fileID: 899366870}
--- !u!114 &211502213
MonoBehaviour:
  m_ObjectHideFlags: 0
  m_CorrespondingSourceObject: {fileID: 0}
  m_PrefabInstance: {fileID: 0}
  m_PrefabAsset: {fileID: 0}
  m_GameObject: {fileID: 211502210}
  m_Enabled: 1
  m_EditorHideFlags: 0
  m_Script: {fileID: 11500000, guid: 8abca30077514de408a4919fc36b688b, type: 3}
  m_Name: 
  m_EditorClassIdentifier: 
  m_slideArea: {fileID: 0}
  m_sensitivity: 1
--- !u!114 &211502214
MonoBehaviour:
  m_ObjectHideFlags: 0
  m_CorrespondingSourceObject: {fileID: 0}
  m_PrefabInstance: {fileID: 0}
  m_PrefabAsset: {fileID: 0}
  m_GameObject: {fileID: 211502210}
  m_Enabled: 1
  m_EditorHideFlags: 0
  m_Script: {fileID: 11500000, guid: dc42784cf147c0c48a680349fa168899, type: 3}
  m_Name: 
  m_EditorClassIdentifier: 
  m_IgnoreReversedGraphics: 1
  m_BlockingObjects: 0
  m_BlockingMask:
    serializedVersion: 2
    m_Bits: 4294967295
--- !u!114 &211502215
MonoBehaviour:
  m_ObjectHideFlags: 0
  m_CorrespondingSourceObject: {fileID: 0}
  m_PrefabInstance: {fileID: 0}
  m_PrefabAsset: {fileID: 0}
  m_GameObject: {fileID: 211502210}
  m_Enabled: 1
  m_EditorHideFlags: 0
  m_Script: {fileID: 11500000, guid: 0cd44c1031e13a943bb63640046fad76, type: 3}
  m_Name: 
  m_EditorClassIdentifier: 
  m_UiScaleMode: 1
  m_ReferencePixelsPerUnit: 100
  m_ScaleFactor: 1
  m_ReferenceResolution: {x: 1242, y: 2208}
  m_ScreenMatchMode: 1
  m_MatchWidthOrHeight: 0
  m_PhysicalUnit: 3
  m_FallbackScreenDPI: 96
  m_DefaultSpriteDPI: 96
  m_DynamicPixelsPerUnit: 1
--- !u!223 &211502216
Canvas:
  m_ObjectHideFlags: 0
  m_CorrespondingSourceObject: {fileID: 0}
  m_PrefabInstance: {fileID: 0}
  m_PrefabAsset: {fileID: 0}
  m_GameObject: {fileID: 211502210}
  m_Enabled: 1
  serializedVersion: 3
  m_RenderMode: 0
  m_Camera: {fileID: 1431553152}
  m_PlaneDistance: 1
  m_PixelPerfect: 0
  m_ReceivesEvents: 1
  m_OverrideSorting: 0
  m_OverridePixelPerfect: 0
  m_SortingBucketNormalizedSize: 0
  m_AdditionalShaderChannelsFlag: 25
  m_SortingLayerID: -997240721
  m_SortingOrder: 0
  m_TargetDisplay: 0
--- !u!114 &211502217
MonoBehaviour:
  m_ObjectHideFlags: 0
  m_CorrespondingSourceObject: {fileID: 0}
  m_PrefabInstance: {fileID: 0}
  m_PrefabAsset: {fileID: 0}
  m_GameObject: {fileID: 211502210}
  m_Enabled: 1
  m_EditorHideFlags: 0
  m_Script: {fileID: 11500000, guid: 4f231c4fb786f3946a6b90b886c48677, type: 3}
  m_Name: 
  m_EditorClassIdentifier: 
  m_HorizontalAxis: Horizontal
  m_VerticalAxis: Vertical
  m_SubmitButton: Submit
  m_CancelButton: Cancel
  m_InputActionsPerSecond: 10
  m_RepeatDelay: 0.5
  m_ForceModuleActive: 0
--- !u!114 &211502218
MonoBehaviour:
  m_ObjectHideFlags: 0
  m_CorrespondingSourceObject: {fileID: 0}
  m_PrefabInstance: {fileID: 0}
  m_PrefabAsset: {fileID: 0}
  m_GameObject: {fileID: 211502210}
  m_Enabled: 1
  m_EditorHideFlags: 0
  m_Script: {fileID: 11500000, guid: 76c392e42b5098c458856cdf6ecaaaa1, type: 3}
  m_Name: 
  m_EditorClassIdentifier: 
  m_FirstSelected: {fileID: 0}
  m_sendNavigationEvents: 1
  m_DragThreshold: 10
--- !u!224 &211502219
RectTransform:
  m_ObjectHideFlags: 0
  m_CorrespondingSourceObject: {fileID: 0}
  m_PrefabInstance: {fileID: 0}
  m_PrefabAsset: {fileID: 0}
  m_GameObject: {fileID: 211502210}
  m_LocalRotation: {x: 0, y: 0, z: 0, w: 1}
  m_LocalPosition: {x: 0, y: 0, z: 0}
  m_LocalScale: {x: 0, y: 0, z: 0}
  m_Children:
  - {fileID: 116546101}
  - {fileID: 989978070}
  - {fileID: 899366871}
  m_Father: {fileID: 0}
  m_RootOrder: 2
  m_LocalEulerAnglesHint: {x: 0, y: 0, z: 0}
  m_AnchorMin: {x: 0, y: 0}
  m_AnchorMax: {x: 0, y: 0}
  m_AnchoredPosition: {x: 0, y: 0}
  m_SizeDelta: {x: 0, y: 0}
  m_Pivot: {x: 0, y: 0}
--- !u!1001 &353270155
PrefabInstance:
  m_ObjectHideFlags: 0
  serializedVersion: 2
  m_Modification:
    m_TransformParent: {fileID: 116546101}
    m_Modifications:
    - target: {fileID: 9116474256602020998, guid: 8c4017672e21567449f69a2ceb814466,
        type: 3}
      propertyPath: m_Name
      value: GamePanel
      objectReference: {fileID: 0}
    - target: {fileID: 9116474256602020998, guid: 8c4017672e21567449f69a2ceb814466,
        type: 3}
      propertyPath: m_IsActive
      value: 0
      objectReference: {fileID: 0}
    - target: {fileID: 9116474256602020999, guid: 8c4017672e21567449f69a2ceb814466,
        type: 3}
      propertyPath: m_LocalPosition.x
      value: 0
      objectReference: {fileID: 0}
    - target: {fileID: 9116474256602020999, guid: 8c4017672e21567449f69a2ceb814466,
        type: 3}
      propertyPath: m_LocalPosition.y
      value: 0
      objectReference: {fileID: 0}
    - target: {fileID: 9116474256602020999, guid: 8c4017672e21567449f69a2ceb814466,
        type: 3}
      propertyPath: m_LocalPosition.z
      value: 0
      objectReference: {fileID: 0}
    - target: {fileID: 9116474256602020999, guid: 8c4017672e21567449f69a2ceb814466,
        type: 3}
      propertyPath: m_LocalRotation.x
      value: 0
      objectReference: {fileID: 0}
    - target: {fileID: 9116474256602020999, guid: 8c4017672e21567449f69a2ceb814466,
        type: 3}
      propertyPath: m_LocalRotation.y
      value: 0
      objectReference: {fileID: 0}
    - target: {fileID: 9116474256602020999, guid: 8c4017672e21567449f69a2ceb814466,
        type: 3}
      propertyPath: m_LocalRotation.z
      value: 0
      objectReference: {fileID: 0}
    - target: {fileID: 9116474256602020999, guid: 8c4017672e21567449f69a2ceb814466,
        type: 3}
      propertyPath: m_LocalRotation.w
      value: 1
      objectReference: {fileID: 0}
    - target: {fileID: 9116474256602020999, guid: 8c4017672e21567449f69a2ceb814466,
        type: 3}
      propertyPath: m_RootOrder
      value: 1
      objectReference: {fileID: 0}
    - target: {fileID: 9116474256602020999, guid: 8c4017672e21567449f69a2ceb814466,
        type: 3}
      propertyPath: m_LocalEulerAnglesHint.x
      value: 0
      objectReference: {fileID: 0}
    - target: {fileID: 9116474256602020999, guid: 8c4017672e21567449f69a2ceb814466,
        type: 3}
      propertyPath: m_LocalEulerAnglesHint.y
      value: 0
      objectReference: {fileID: 0}
    - target: {fileID: 9116474256602020999, guid: 8c4017672e21567449f69a2ceb814466,
        type: 3}
      propertyPath: m_LocalEulerAnglesHint.z
      value: 0
      objectReference: {fileID: 0}
    - target: {fileID: 9116474256602020999, guid: 8c4017672e21567449f69a2ceb814466,
        type: 3}
      propertyPath: m_AnchoredPosition.x
      value: 0
      objectReference: {fileID: 0}
    - target: {fileID: 9116474256602020999, guid: 8c4017672e21567449f69a2ceb814466,
        type: 3}
      propertyPath: m_AnchoredPosition.y
      value: 0
      objectReference: {fileID: 0}
    - target: {fileID: 9116474256602020999, guid: 8c4017672e21567449f69a2ceb814466,
        type: 3}
      propertyPath: m_SizeDelta.x
      value: 0
      objectReference: {fileID: 0}
    - target: {fileID: 9116474256602020999, guid: 8c4017672e21567449f69a2ceb814466,
        type: 3}
      propertyPath: m_SizeDelta.y
      value: 0
      objectReference: {fileID: 0}
    - target: {fileID: 9116474256602020999, guid: 8c4017672e21567449f69a2ceb814466,
        type: 3}
      propertyPath: m_AnchorMin.x
      value: 0
      objectReference: {fileID: 0}
    - target: {fileID: 9116474256602020999, guid: 8c4017672e21567449f69a2ceb814466,
        type: 3}
      propertyPath: m_AnchorMin.y
      value: 0
      objectReference: {fileID: 0}
    - target: {fileID: 9116474256602020999, guid: 8c4017672e21567449f69a2ceb814466,
        type: 3}
      propertyPath: m_AnchorMax.x
      value: 1
      objectReference: {fileID: 0}
    - target: {fileID: 9116474256602020999, guid: 8c4017672e21567449f69a2ceb814466,
        type: 3}
      propertyPath: m_AnchorMax.y
      value: 1
      objectReference: {fileID: 0}
    - target: {fileID: 9116474256602020999, guid: 8c4017672e21567449f69a2ceb814466,
        type: 3}
      propertyPath: m_Pivot.x
      value: 0.5
      objectReference: {fileID: 0}
    - target: {fileID: 9116474256602020999, guid: 8c4017672e21567449f69a2ceb814466,
        type: 3}
      propertyPath: m_Pivot.y
      value: 0.5
      objectReference: {fileID: 0}
    - target: {fileID: 9116474257217049775, guid: 8c4017672e21567449f69a2ceb814466,
        type: 3}
      propertyPath: m_Materials.Array.data[0]
      value: 
      objectReference: {fileID: 2100000, guid: d1feb3feb1aecba45b534116bb9eec7d, type: 2}
    - target: {fileID: 9116474258637393349, guid: 8c4017672e21567449f69a2ceb814466,
        type: 3}
      propertyPath: m_AnchoredPosition.y
      value: 0
      objectReference: {fileID: 0}
    - target: {fileID: 9116474258637393349, guid: 8c4017672e21567449f69a2ceb814466,
        type: 3}
      propertyPath: m_SizeDelta.y
      value: -26.71
      objectReference: {fileID: 0}
    - target: {fileID: 9116474257487641586, guid: 8c4017672e21567449f69a2ceb814466,
        type: 3}
      propertyPath: m_AnchoredPosition.y
      value: 0
      objectReference: {fileID: 0}
    - target: {fileID: 9116474257487641586, guid: 8c4017672e21567449f69a2ceb814466,
        type: 3}
      propertyPath: m_SizeDelta.y
      value: -26.77
      objectReference: {fileID: 0}
    - target: {fileID: 9116474258009617313, guid: 8c4017672e21567449f69a2ceb814466,
        type: 3}
      propertyPath: m_AnchoredPosition.x
      value: 0.0000076294
      objectReference: {fileID: 0}
    - target: {fileID: 9116474258009617313, guid: 8c4017672e21567449f69a2ceb814466,
        type: 3}
      propertyPath: m_SizeDelta.y
      value: 72.7
      objectReference: {fileID: 0}
    - target: {fileID: 9116474257217049774, guid: 8c4017672e21567449f69a2ceb814466,
        type: 3}
      propertyPath: m_AnchoredPosition.x
      value: -133.39844
      objectReference: {fileID: 0}
    m_RemovedComponents: []
  m_SourcePrefab: {fileID: 100100000, guid: 8c4017672e21567449f69a2ceb814466, type: 3}
--- !u!198 &353270156 stripped
ParticleSystem:
  m_CorrespondingSourceObject: {fileID: 9116474257217049769, guid: 8c4017672e21567449f69a2ceb814466,
    type: 3}
  m_PrefabInstance: {fileID: 353270155}
  m_PrefabAsset: {fileID: 0}
--- !u!224 &353270157 stripped
RectTransform:
  m_CorrespondingSourceObject: {fileID: 9116474256602020999, guid: 8c4017672e21567449f69a2ceb814466,
    type: 3}
  m_PrefabInstance: {fileID: 353270155}
  m_PrefabAsset: {fileID: 0}
--- !u!114 &353270158 stripped
MonoBehaviour:
  m_CorrespondingSourceObject: {fileID: 9116474256602020992, guid: 8c4017672e21567449f69a2ceb814466,
    type: 3}
  m_PrefabInstance: {fileID: 353270155}
  m_PrefabAsset: {fileID: 0}
  m_GameObject: {fileID: 0}
  m_Enabled: 1
  m_EditorHideFlags: 0
  m_Script: {fileID: 11500000, guid: 3b450067e57830c4abf9eb1375c7431a, type: 3}
  m_Name: 
  m_EditorClassIdentifier: 
--- !u!1 &353270159 stripped
GameObject:
  m_CorrespondingSourceObject: {fileID: 9116474257123793676, guid: 8c4017672e21567449f69a2ceb814466,
    type: 3}
  m_PrefabInstance: {fileID: 353270155}
  m_PrefabAsset: {fileID: 0}
--- !u!1001 &366007712
PrefabInstance:
  m_ObjectHideFlags: 0
  serializedVersion: 2
  m_Modification:
    m_TransformParent: {fileID: 989978070}
    m_Modifications:
    - target: {fileID: 1107116908726640, guid: 03ac17d6bb9455d4cac78c4fab5d7a48, type: 3}
      propertyPath: m_Name
      value: OfflineEarningPopup
      objectReference: {fileID: 0}
    - target: {fileID: 1107116908726640, guid: 03ac17d6bb9455d4cac78c4fab5d7a48, type: 3}
      propertyPath: m_IsActive
      value: 0
      objectReference: {fileID: 0}
    - target: {fileID: 224495268083690416, guid: 03ac17d6bb9455d4cac78c4fab5d7a48,
        type: 3}
      propertyPath: m_LocalPosition.x
      value: 0
      objectReference: {fileID: 0}
    - target: {fileID: 224495268083690416, guid: 03ac17d6bb9455d4cac78c4fab5d7a48,
        type: 3}
      propertyPath: m_LocalPosition.y
      value: 0
      objectReference: {fileID: 0}
    - target: {fileID: 224495268083690416, guid: 03ac17d6bb9455d4cac78c4fab5d7a48,
        type: 3}
      propertyPath: m_LocalPosition.z
      value: 0
      objectReference: {fileID: 0}
    - target: {fileID: 224495268083690416, guid: 03ac17d6bb9455d4cac78c4fab5d7a48,
        type: 3}
      propertyPath: m_LocalRotation.x
      value: -0
      objectReference: {fileID: 0}
    - target: {fileID: 224495268083690416, guid: 03ac17d6bb9455d4cac78c4fab5d7a48,
        type: 3}
      propertyPath: m_LocalRotation.y
      value: -0
      objectReference: {fileID: 0}
    - target: {fileID: 224495268083690416, guid: 03ac17d6bb9455d4cac78c4fab5d7a48,
        type: 3}
      propertyPath: m_LocalRotation.z
      value: -0
      objectReference: {fileID: 0}
    - target: {fileID: 224495268083690416, guid: 03ac17d6bb9455d4cac78c4fab5d7a48,
        type: 3}
      propertyPath: m_LocalRotation.w
      value: 1
      objectReference: {fileID: 0}
    - target: {fileID: 224495268083690416, guid: 03ac17d6bb9455d4cac78c4fab5d7a48,
        type: 3}
      propertyPath: m_RootOrder
      value: 2
      objectReference: {fileID: 0}
    - target: {fileID: 224495268083690416, guid: 03ac17d6bb9455d4cac78c4fab5d7a48,
        type: 3}
      propertyPath: m_LocalEulerAnglesHint.x
      value: 0
      objectReference: {fileID: 0}
    - target: {fileID: 224495268083690416, guid: 03ac17d6bb9455d4cac78c4fab5d7a48,
        type: 3}
      propertyPath: m_LocalEulerAnglesHint.y
      value: 0
      objectReference: {fileID: 0}
    - target: {fileID: 224495268083690416, guid: 03ac17d6bb9455d4cac78c4fab5d7a48,
        type: 3}
      propertyPath: m_LocalEulerAnglesHint.z
      value: 0
      objectReference: {fileID: 0}
    - target: {fileID: 224495268083690416, guid: 03ac17d6bb9455d4cac78c4fab5d7a48,
        type: 3}
      propertyPath: m_AnchoredPosition.x
      value: 0
      objectReference: {fileID: 0}
    - target: {fileID: 224495268083690416, guid: 03ac17d6bb9455d4cac78c4fab5d7a48,
        type: 3}
      propertyPath: m_AnchoredPosition.y
      value: 0
      objectReference: {fileID: 0}
    - target: {fileID: 224495268083690416, guid: 03ac17d6bb9455d4cac78c4fab5d7a48,
        type: 3}
      propertyPath: m_SizeDelta.x
      value: 0
      objectReference: {fileID: 0}
    - target: {fileID: 224495268083690416, guid: 03ac17d6bb9455d4cac78c4fab5d7a48,
        type: 3}
      propertyPath: m_SizeDelta.y
      value: 0
      objectReference: {fileID: 0}
    - target: {fileID: 224495268083690416, guid: 03ac17d6bb9455d4cac78c4fab5d7a48,
        type: 3}
      propertyPath: m_AnchorMin.x
      value: 0
      objectReference: {fileID: 0}
    - target: {fileID: 224495268083690416, guid: 03ac17d6bb9455d4cac78c4fab5d7a48,
        type: 3}
      propertyPath: m_AnchorMin.y
      value: 0
      objectReference: {fileID: 0}
    - target: {fileID: 224495268083690416, guid: 03ac17d6bb9455d4cac78c4fab5d7a48,
        type: 3}
      propertyPath: m_AnchorMax.x
      value: 1
      objectReference: {fileID: 0}
    - target: {fileID: 224495268083690416, guid: 03ac17d6bb9455d4cac78c4fab5d7a48,
        type: 3}
      propertyPath: m_AnchorMax.y
      value: 1
      objectReference: {fileID: 0}
    - target: {fileID: 224495268083690416, guid: 03ac17d6bb9455d4cac78c4fab5d7a48,
        type: 3}
      propertyPath: m_Pivot.x
      value: 0.5
      objectReference: {fileID: 0}
    - target: {fileID: 224495268083690416, guid: 03ac17d6bb9455d4cac78c4fab5d7a48,
        type: 3}
      propertyPath: m_Pivot.y
      value: 0.5
      objectReference: {fileID: 0}
    - target: {fileID: 114548921833111512, guid: 03ac17d6bb9455d4cac78c4fab5d7a48,
        type: 3}
      propertyPath: m_Interactable
      value: 0
      objectReference: {fileID: 0}
    m_RemovedComponents: []
  m_SourcePrefab: {fileID: 100100000, guid: 03ac17d6bb9455d4cac78c4fab5d7a48, type: 3}
--- !u!114 &366007713 stripped
MonoBehaviour:
  m_CorrespondingSourceObject: {fileID: 114306260244305162, guid: 03ac17d6bb9455d4cac78c4fab5d7a48,
    type: 3}
  m_PrefabInstance: {fileID: 366007712}
  m_PrefabAsset: {fileID: 0}
  m_GameObject: {fileID: 0}
  m_Enabled: 1
  m_EditorHideFlags: 0
  m_Script: {fileID: 11500000, guid: 9b586f0a317295547aaa2c0a06168780, type: 3}
  m_Name: 
  m_EditorClassIdentifier: 
--- !u!224 &366007714 stripped
RectTransform:
  m_CorrespondingSourceObject: {fileID: 224495268083690416, guid: 03ac17d6bb9455d4cac78c4fab5d7a48,
    type: 3}
  m_PrefabInstance: {fileID: 366007712}
  m_PrefabAsset: {fileID: 0}
--- !u!1 &396247347
GameObject:
  m_ObjectHideFlags: 0
  m_CorrespondingSourceObject: {fileID: 0}
  m_PrefabInstance: {fileID: 0}
  m_PrefabAsset: {fileID: 0}
  serializedVersion: 6
  m_Component:
  - component: {fileID: 396247349}
  - component: {fileID: 396247348}
  m_Layer: 5
  m_Name: SafeAreaDemo
  m_TagString: Untagged
  m_Icon: {fileID: 0}
  m_NavMeshLayer: 0
  m_StaticEditorFlags: 0
  m_IsActive: 1
--- !u!114 &396247348
MonoBehaviour:
  m_ObjectHideFlags: 0
  m_CorrespondingSourceObject: {fileID: 0}
  m_PrefabInstance: {fileID: 0}
  m_PrefabAsset: {fileID: 0}
  m_GameObject: {fileID: 396247347}
  m_Enabled: 1
  m_EditorHideFlags: 0
  m_Script: {fileID: 11500000, guid: 9dd219ac2bff62648a6ae1c651c2eb5b, type: 3}
  m_Name: 
  m_EditorClassIdentifier: 
  KeySafeArea: 97
--- !u!224 &396247349
RectTransform:
  m_ObjectHideFlags: 0
  m_CorrespondingSourceObject: {fileID: 0}
  m_PrefabInstance: {fileID: 0}
  m_PrefabAsset: {fileID: 0}
  m_GameObject: {fileID: 396247347}
  m_LocalRotation: {x: -0, y: -0, z: -0, w: 1}
  m_LocalPosition: {x: 0, y: 0, z: 0}
  m_LocalScale: {x: 0.30535713, y: 0.30535713, z: 0.30535713}
  m_Children: []
  m_Father: {fileID: 0}
  m_RootOrder: 3
  m_LocalEulerAnglesHint: {x: 0, y: 0, z: 0}
  m_AnchorMin: {x: 0.5, y: 0.5}
  m_AnchorMax: {x: 0.5, y: 0.5}
  m_AnchoredPosition: {x: 171, y: 342}
  m_SizeDelta: {x: 100, y: 100}
  m_Pivot: {x: 0.5, y: 0.5}
--- !u!1 &624743311
GameObject:
  m_ObjectHideFlags: 3
  m_CorrespondingSourceObject: {fileID: 0}
  m_PrefabInstance: {fileID: 0}
  m_PrefabAsset: {fileID: 0}
  serializedVersion: 6
  m_Component:
  - component: {fileID: 624743312}
  - component: {fileID: 624743315}
  - component: {fileID: 624743314}
  - component: {fileID: 624743313}
  m_Layer: 0
  m_Name: cm
  m_TagString: Untagged
  m_Icon: {fileID: 0}
  m_NavMeshLayer: 0
  m_StaticEditorFlags: 0
  m_IsActive: 1
--- !u!4 &624743312
Transform:
  m_ObjectHideFlags: 3
  m_CorrespondingSourceObject: {fileID: 0}
  m_PrefabInstance: {fileID: 0}
  m_PrefabAsset: {fileID: 0}
  m_GameObject: {fileID: 624743311}
  m_LocalRotation: {x: -0, y: -0, z: -0, w: 1}
  m_LocalPosition: {x: -0.87547255, y: -0.8534314, z: 14.35451}
  m_LocalScale: {x: 1, y: 1, z: 1}
  m_Children: []
  m_Father: {fileID: 195762719}
  m_RootOrder: 0
  m_LocalEulerAnglesHint: {x: 0, y: 0, z: 0}
--- !u!114 &624743313
MonoBehaviour:
  m_ObjectHideFlags: 3
  m_CorrespondingSourceObject: {fileID: 0}
  m_PrefabInstance: {fileID: 0}
  m_PrefabAsset: {fileID: 0}
  m_GameObject: {fileID: 624743311}
  m_Enabled: 1
  m_EditorHideFlags: 0
  m_Script: {fileID: 11500000, guid: fa7155796051b734daa718462081dc5f, type: 3}
  m_Name: 
  m_EditorClassIdentifier: 
  m_BindingMode: 1
  m_FollowOffset: {x: 0, y: 5, z: -10}
  m_XDamping: 8.9
  m_YDamping: 0
  m_ZDamping: 1
  m_AngularDampingMode: 0
  m_PitchDamping: 0
  m_YawDamping: 0
  m_RollDamping: 0
  m_AngularDamping: 0
--- !u!114 &624743314
MonoBehaviour:
  m_ObjectHideFlags: 3
  m_CorrespondingSourceObject: {fileID: 0}
  m_PrefabInstance: {fileID: 0}
  m_PrefabAsset: {fileID: 0}
  m_GameObject: {fileID: 624743311}
  m_Enabled: 1
  m_EditorHideFlags: 0
  m_Script: {fileID: 11500000, guid: f4044717213e31446939f7bd49c896ea, type: 3}
  m_Name: 
  m_EditorClassIdentifier: 
  m_TrackedObjectOffset: {x: -0.05, y: 0, z: 0}
  m_LookaheadTime: 0
  m_LookaheadSmoothing: 3
  m_LookaheadIgnoreY: 0
  m_HorizontalDamping: 0
  m_VerticalDamping: 0
  m_ScreenX: 0.52
  m_ScreenY: 0.5
  m_DeadZoneWidth: 0.409
  m_DeadZoneHeight: 0.225
  m_SoftZoneWidth: 0.69
  m_SoftZoneHeight: 1
  m_BiasX: 0
  m_BiasY: 0
  m_CenterOnActivate: 1
--- !u!114 &624743315
MonoBehaviour:
  m_ObjectHideFlags: 3
  m_CorrespondingSourceObject: {fileID: 0}
  m_PrefabInstance: {fileID: 0}
  m_PrefabAsset: {fileID: 0}
  m_GameObject: {fileID: 624743311}
  m_Enabled: 1
  m_EditorHideFlags: 0
  m_Script: {fileID: 11500000, guid: ac0b09e7857660247b1477e93731de29, type: 3}
  m_Name: 
  m_EditorClassIdentifier: 
--- !u!1 &642211621
GameObject:
  m_ObjectHideFlags: 0
  m_CorrespondingSourceObject: {fileID: 0}
  m_PrefabInstance: {fileID: 0}
  m_PrefabAsset: {fileID: 0}
  serializedVersion: 6
  m_Component:
  - component: {fileID: 642211622}
  - component: {fileID: 642211626}
  - component: {fileID: 642211625}
  - component: {fileID: 642211624}
  - component: {fileID: 642211623}
  m_Layer: 5
  m_Name: MoneyHackButton
  m_TagString: Untagged
  m_Icon: {fileID: 0}
  m_NavMeshLayer: 0
  m_StaticEditorFlags: 0
  m_IsActive: 0
--- !u!224 &642211622
RectTransform:
  m_ObjectHideFlags: 0
  m_CorrespondingSourceObject: {fileID: 0}
  m_PrefabInstance: {fileID: 0}
  m_PrefabAsset: {fileID: 0}
  m_GameObject: {fileID: 642211621}
  m_LocalRotation: {x: -0, y: -0, z: -0, w: 1}
  m_LocalPosition: {x: 0, y: 0, z: 0}
  m_LocalScale: {x: 1, y: 1, z: 1}
  m_Children: []
  m_Father: {fileID: 2102688981}
  m_RootOrder: 0
  m_LocalEulerAnglesHint: {x: 0, y: 0, z: 0}
  m_AnchorMin: {x: 0.3, y: 0.2}
  m_AnchorMax: {x: 0.7, y: 0.75}
  m_AnchoredPosition: {x: -221, y: -46}
  m_SizeDelta: {x: 0, y: 0}
  m_Pivot: {x: 0.5, y: 0.5}
--- !u!114 &642211623
MonoBehaviour:
  m_ObjectHideFlags: 0
  m_CorrespondingSourceObject: {fileID: 0}
  m_PrefabInstance: {fileID: 0}
  m_PrefabAsset: {fileID: 0}
  m_GameObject: {fileID: 642211621}
  m_Enabled: 1
  m_EditorHideFlags: 0
  m_Script: {fileID: 11500000, guid: c4b87664733a93c4b9dd11057b336b7f, type: 3}
  m_Name: 
  m_EditorClassIdentifier: 
  m_button: {fileID: 642211624}
--- !u!114 &642211624
MonoBehaviour:
  m_ObjectHideFlags: 0
  m_CorrespondingSourceObject: {fileID: 0}
  m_PrefabInstance: {fileID: 0}
  m_PrefabAsset: {fileID: 0}
  m_GameObject: {fileID: 642211621}
  m_Enabled: 1
  m_EditorHideFlags: 0
  m_Script: {fileID: 11500000, guid: 4e29b1a8efbd4b44bb3f3716e73f07ff, type: 3}
  m_Name: 
  m_EditorClassIdentifier: 
  m_Navigation:
    m_Mode: 3
    m_SelectOnUp: {fileID: 0}
    m_SelectOnDown: {fileID: 0}
    m_SelectOnLeft: {fileID: 0}
    m_SelectOnRight: {fileID: 0}
  m_Transition: 1
  m_Colors:
    m_NormalColor: {r: 1, g: 1, b: 1, a: 1}
    m_HighlightedColor: {r: 0.9607843, g: 0.9607843, b: 0.9607843, a: 1}
    m_PressedColor: {r: 0.78431374, g: 0.78431374, b: 0.78431374, a: 1}
    m_SelectedColor: {r: 0.9607843, g: 0.9607843, b: 0.9607843, a: 1}
    m_DisabledColor: {r: 0.78431374, g: 0.78431374, b: 0.78431374, a: 0.5019608}
    m_ColorMultiplier: 1
    m_FadeDuration: 0.1
  m_SpriteState:
    m_HighlightedSprite: {fileID: 0}
    m_PressedSprite: {fileID: 0}
    m_SelectedSprite: {fileID: 0}
    m_DisabledSprite: {fileID: 0}
  m_AnimationTriggers:
    m_NormalTrigger: Normal
    m_HighlightedTrigger: Highlighted
    m_PressedTrigger: Pressed
    m_SelectedTrigger: Highlighted
    m_DisabledTrigger: Disabled
  m_Interactable: 1
  m_TargetGraphic: {fileID: 642211625}
  m_OnClick:
    m_PersistentCalls:
      m_Calls: []
    m_TypeName: UnityEngine.UI.Button+ButtonClickedEvent, UnityEngine.UI, Version=1.0.0.0,
      Culture=neutral, PublicKeyToken=null
--- !u!114 &642211625
MonoBehaviour:
  m_ObjectHideFlags: 0
  m_CorrespondingSourceObject: {fileID: 0}
  m_PrefabInstance: {fileID: 0}
  m_PrefabAsset: {fileID: 0}
  m_GameObject: {fileID: 642211621}
  m_Enabled: 1
  m_EditorHideFlags: 0
  m_Script: {fileID: 11500000, guid: fe87c0e1cc204ed48ad3b37840f39efc, type: 3}
  m_Name: 
  m_EditorClassIdentifier: 
  m_Material: {fileID: 0}
  m_Color: {r: 1, g: 1, b: 1, a: 0}
  m_RaycastTarget: 1
  m_OnCullStateChanged:
    m_PersistentCalls:
      m_Calls: []
    m_TypeName: UnityEngine.UI.MaskableGraphic+CullStateChangedEvent, UnityEngine.UI,
      Version=1.0.0.0, Culture=neutral, PublicKeyToken=null
  m_Sprite: {fileID: 10905, guid: 0000000000000000f000000000000000, type: 0}
  m_Type: 1
  m_PreserveAspect: 0
  m_FillCenter: 1
  m_FillMethod: 4
  m_FillAmount: 1
  m_FillClockwise: 1
  m_FillOrigin: 0
  m_UseSpriteMesh: 0
  m_PixelsPerUnitMultiplier: 1
--- !u!222 &642211626
CanvasRenderer:
  m_ObjectHideFlags: 0
  m_CorrespondingSourceObject: {fileID: 0}
  m_PrefabInstance: {fileID: 0}
  m_PrefabAsset: {fileID: 0}
  m_GameObject: {fileID: 642211621}
  m_CullTransparentMesh: 0
--- !u!1 &833858358
GameObject:
  m_ObjectHideFlags: 0
  m_CorrespondingSourceObject: {fileID: 0}
  m_PrefabInstance: {fileID: 0}
  m_PrefabAsset: {fileID: 0}
  serializedVersion: 6
  m_Component:
  - component: {fileID: 833858364}
  - component: {fileID: 833858363}
  - component: {fileID: 833858362}
  - component: {fileID: 833858361}
  - component: {fileID: 833858360}
  - component: {fileID: 833858359}
  m_Layer: 5
  m_Name: CheatCanvas
  m_TagString: Untagged
  m_Icon: {fileID: 0}
  m_NavMeshLayer: 0
  m_StaticEditorFlags: 0
  m_IsActive: 1
--- !u!114 &833858359
MonoBehaviour:
  m_ObjectHideFlags: 0
  m_CorrespondingSourceObject: {fileID: 0}
  m_PrefabInstance: {fileID: 0}
  m_PrefabAsset: {fileID: 0}
  m_GameObject: {fileID: 833858358}
  m_Enabled: 1
  m_EditorHideFlags: 0
  m_Script: {fileID: 11500000, guid: 4f231c4fb786f3946a6b90b886c48677, type: 3}
  m_Name: 
  m_EditorClassIdentifier: 
  m_HorizontalAxis: Horizontal
  m_VerticalAxis: Vertical
  m_SubmitButton: Submit
  m_CancelButton: Cancel
  m_InputActionsPerSecond: 10
  m_RepeatDelay: 0.5
  m_ForceModuleActive: 0
--- !u!114 &833858360
MonoBehaviour:
  m_ObjectHideFlags: 0
  m_CorrespondingSourceObject: {fileID: 0}
  m_PrefabInstance: {fileID: 0}
  m_PrefabAsset: {fileID: 0}
  m_GameObject: {fileID: 833858358}
  m_Enabled: 1
  m_EditorHideFlags: 0
  m_Script: {fileID: 11500000, guid: 76c392e42b5098c458856cdf6ecaaaa1, type: 3}
  m_Name: 
  m_EditorClassIdentifier: 
  m_FirstSelected: {fileID: 0}
  m_sendNavigationEvents: 1
  m_DragThreshold: 10
--- !u!114 &833858361
MonoBehaviour:
  m_ObjectHideFlags: 0
  m_CorrespondingSourceObject: {fileID: 0}
  m_PrefabInstance: {fileID: 0}
  m_PrefabAsset: {fileID: 0}
  m_GameObject: {fileID: 833858358}
  m_Enabled: 1
  m_EditorHideFlags: 0
  m_Script: {fileID: 11500000, guid: dc42784cf147c0c48a680349fa168899, type: 3}
  m_Name: 
  m_EditorClassIdentifier: 
  m_IgnoreReversedGraphics: 1
  m_BlockingObjects: 0
  m_BlockingMask:
    serializedVersion: 2
    m_Bits: 4294967295
--- !u!114 &833858362
MonoBehaviour:
  m_ObjectHideFlags: 0
  m_CorrespondingSourceObject: {fileID: 0}
  m_PrefabInstance: {fileID: 0}
  m_PrefabAsset: {fileID: 0}
  m_GameObject: {fileID: 833858358}
  m_Enabled: 1
  m_EditorHideFlags: 0
  m_Script: {fileID: 11500000, guid: 0cd44c1031e13a943bb63640046fad76, type: 3}
  m_Name: 
  m_EditorClassIdentifier: 
  m_UiScaleMode: 1
  m_ReferencePixelsPerUnit: 100
  m_ScaleFactor: 1
  m_ReferenceResolution: {x: 1242, y: 2208}
  m_ScreenMatchMode: 1
  m_MatchWidthOrHeight: 0
  m_PhysicalUnit: 3
  m_FallbackScreenDPI: 96
  m_DefaultSpriteDPI: 96
  m_DynamicPixelsPerUnit: 1
--- !u!223 &833858363
Canvas:
  m_ObjectHideFlags: 0
  m_CorrespondingSourceObject: {fileID: 0}
  m_PrefabInstance: {fileID: 0}
  m_PrefabAsset: {fileID: 0}
  m_GameObject: {fileID: 833858358}
  m_Enabled: 1
  serializedVersion: 3
  m_RenderMode: 1
  m_Camera: {fileID: 1431553152}
  m_PlaneDistance: 1
  m_PixelPerfect: 0
  m_ReceivesEvents: 1
  m_OverrideSorting: 0
  m_OverridePixelPerfect: 0
  m_SortingBucketNormalizedSize: 0
  m_AdditionalShaderChannelsFlag: 25
  m_SortingLayerID: -881080247
  m_SortingOrder: 0
  m_TargetDisplay: 0
--- !u!224 &833858364
RectTransform:
  m_ObjectHideFlags: 0
  m_CorrespondingSourceObject: {fileID: 0}
  m_PrefabInstance: {fileID: 0}
  m_PrefabAsset: {fileID: 0}
  m_GameObject: {fileID: 833858358}
  m_LocalRotation: {x: 0, y: 0, z: 0, w: 1}
  m_LocalPosition: {x: 0, y: 0, z: 0}
  m_LocalScale: {x: 0, y: 0, z: 0}
  m_Children:
  - {fileID: 2102688981}
  m_Father: {fileID: 0}
  m_RootOrder: 4
  m_LocalEulerAnglesHint: {x: 0, y: 0, z: 0}
  m_AnchorMin: {x: 0, y: 0}
  m_AnchorMax: {x: 0, y: 0}
  m_AnchoredPosition: {x: 0, y: 0}
  m_SizeDelta: {x: 0, y: 0}
  m_Pivot: {x: 0, y: 0}
--- !u!1001 &899366869
PrefabInstance:
  m_ObjectHideFlags: 0
  serializedVersion: 2
  m_Modification:
    m_TransformParent: {fileID: 211502219}
    m_Modifications:
    - target: {fileID: 1817420221315408, guid: 83456f9bd4a6e1540bb53d914fd16d97, type: 3}
      propertyPath: m_IsActive
      value: 0
      objectReference: {fileID: 0}
    - target: {fileID: 1817420221315408, guid: 83456f9bd4a6e1540bb53d914fd16d97, type: 3}
      propertyPath: m_Layer
      value: 5
      objectReference: {fileID: 0}
    - target: {fileID: 224531549521186162, guid: 83456f9bd4a6e1540bb53d914fd16d97,
        type: 3}
      propertyPath: m_LocalPosition.x
      value: 0
      objectReference: {fileID: 0}
    - target: {fileID: 224531549521186162, guid: 83456f9bd4a6e1540bb53d914fd16d97,
        type: 3}
      propertyPath: m_LocalPosition.y
      value: 0
      objectReference: {fileID: 0}
    - target: {fileID: 224531549521186162, guid: 83456f9bd4a6e1540bb53d914fd16d97,
        type: 3}
      propertyPath: m_LocalPosition.z
      value: 0
      objectReference: {fileID: 0}
    - target: {fileID: 224531549521186162, guid: 83456f9bd4a6e1540bb53d914fd16d97,
        type: 3}
      propertyPath: m_LocalRotation.x
      value: -0
      objectReference: {fileID: 0}
    - target: {fileID: 224531549521186162, guid: 83456f9bd4a6e1540bb53d914fd16d97,
        type: 3}
      propertyPath: m_LocalRotation.y
      value: -0
      objectReference: {fileID: 0}
    - target: {fileID: 224531549521186162, guid: 83456f9bd4a6e1540bb53d914fd16d97,
        type: 3}
      propertyPath: m_LocalRotation.z
      value: -0
      objectReference: {fileID: 0}
    - target: {fileID: 224531549521186162, guid: 83456f9bd4a6e1540bb53d914fd16d97,
        type: 3}
      propertyPath: m_LocalRotation.w
      value: 1
      objectReference: {fileID: 0}
    - target: {fileID: 224531549521186162, guid: 83456f9bd4a6e1540bb53d914fd16d97,
        type: 3}
      propertyPath: m_RootOrder
      value: 2
      objectReference: {fileID: 0}
    - target: {fileID: 224531549521186162, guid: 83456f9bd4a6e1540bb53d914fd16d97,
        type: 3}
      propertyPath: m_AnchoredPosition.x
      value: 0
      objectReference: {fileID: 0}
    - target: {fileID: 224531549521186162, guid: 83456f9bd4a6e1540bb53d914fd16d97,
        type: 3}
      propertyPath: m_AnchoredPosition.y
      value: 0
      objectReference: {fileID: 0}
    - target: {fileID: 224531549521186162, guid: 83456f9bd4a6e1540bb53d914fd16d97,
        type: 3}
      propertyPath: m_SizeDelta.x
      value: 0
      objectReference: {fileID: 0}
    - target: {fileID: 224531549521186162, guid: 83456f9bd4a6e1540bb53d914fd16d97,
        type: 3}
      propertyPath: m_SizeDelta.y
      value: 0
      objectReference: {fileID: 0}
    - target: {fileID: 224531549521186162, guid: 83456f9bd4a6e1540bb53d914fd16d97,
        type: 3}
      propertyPath: m_AnchorMin.x
      value: 0
      objectReference: {fileID: 0}
    - target: {fileID: 224531549521186162, guid: 83456f9bd4a6e1540bb53d914fd16d97,
        type: 3}
      propertyPath: m_AnchorMin.y
      value: 0
      objectReference: {fileID: 0}
    - target: {fileID: 224531549521186162, guid: 83456f9bd4a6e1540bb53d914fd16d97,
        type: 3}
      propertyPath: m_AnchorMax.x
      value: 1
      objectReference: {fileID: 0}
    - target: {fileID: 224531549521186162, guid: 83456f9bd4a6e1540bb53d914fd16d97,
        type: 3}
      propertyPath: m_AnchorMax.y
      value: 1
      objectReference: {fileID: 0}
    - target: {fileID: 224531549521186162, guid: 83456f9bd4a6e1540bb53d914fd16d97,
        type: 3}
      propertyPath: m_Pivot.x
      value: 0.5
      objectReference: {fileID: 0}
    - target: {fileID: 224531549521186162, guid: 83456f9bd4a6e1540bb53d914fd16d97,
        type: 3}
      propertyPath: m_Pivot.y
      value: 0.5
      objectReference: {fileID: 0}
    - target: {fileID: 224531549521186162, guid: 83456f9bd4a6e1540bb53d914fd16d97,
        type: 3}
      propertyPath: m_LocalScale.x
      value: 1
      objectReference: {fileID: 0}
    - target: {fileID: 224531549521186162, guid: 83456f9bd4a6e1540bb53d914fd16d97,
        type: 3}
      propertyPath: m_LocalScale.y
      value: 1
      objectReference: {fileID: 0}
    - target: {fileID: 224531549521186162, guid: 83456f9bd4a6e1540bb53d914fd16d97,
        type: 3}
      propertyPath: m_LocalScale.z
      value: 1
      objectReference: {fileID: 0}
    - target: {fileID: 224207925489077902, guid: 83456f9bd4a6e1540bb53d914fd16d97,
        type: 3}
      propertyPath: m_AnchoredPosition.y
      value: 0
      objectReference: {fileID: 0}
    - target: {fileID: 114061762583669144, guid: 83456f9bd4a6e1540bb53d914fd16d97,
        type: 3}
      propertyPath: m_FontData.m_Font
      value: 
      objectReference: {fileID: 12800000, guid: e1dadd187021e0a47b783b3868d7f553,
        type: 3}
    - target: {fileID: 114061762583669144, guid: 83456f9bd4a6e1540bb53d914fd16d97,
        type: 3}
      propertyPath: m_RaycastTarget
      value: 0
      objectReference: {fileID: 0}
    - target: {fileID: 1364227881781368, guid: 83456f9bd4a6e1540bb53d914fd16d97, type: 3}
      propertyPath: m_Layer
      value: 5
      objectReference: {fileID: 0}
    - target: {fileID: 1243113611173668, guid: 83456f9bd4a6e1540bb53d914fd16d97, type: 3}
      propertyPath: m_Layer
      value: 5
      objectReference: {fileID: 0}
    - target: {fileID: 1710101022022786, guid: 83456f9bd4a6e1540bb53d914fd16d97, type: 3}
      propertyPath: m_Layer
      value: 5
      objectReference: {fileID: 0}
    m_RemovedComponents: []
  m_SourcePrefab: {fileID: 100100000, guid: 83456f9bd4a6e1540bb53d914fd16d97, type: 3}
--- !u!114 &899366870 stripped
MonoBehaviour:
  m_CorrespondingSourceObject: {fileID: 114069225354209404, guid: 83456f9bd4a6e1540bb53d914fd16d97,
    type: 3}
  m_PrefabInstance: {fileID: 899366869}
  m_PrefabAsset: {fileID: 0}
  m_GameObject: {fileID: 0}
  m_Enabled: 1
  m_EditorHideFlags: 0
  m_Script: {fileID: 11500000, guid: ae74379a8de45487db894c27b5c27ea7, type: 3}
  m_Name: 
  m_EditorClassIdentifier: 
--- !u!224 &899366871 stripped
RectTransform:
  m_CorrespondingSourceObject: {fileID: 224531549521186162, guid: 83456f9bd4a6e1540bb53d914fd16d97,
    type: 3}
  m_PrefabInstance: {fileID: 899366869}
  m_PrefabAsset: {fileID: 0}
--- !u!1001 &913528459
PrefabInstance:
  m_ObjectHideFlags: 0
  serializedVersion: 2
  m_Modification:
    m_TransformParent: {fileID: 989978070}
    m_Modifications:
    - target: {fileID: 1107116908726640, guid: 1478e703c3ff6b646a84f262fe7126d2, type: 3}
      propertyPath: m_Name
      value: WinPopup
      objectReference: {fileID: 0}
    - target: {fileID: 1107116908726640, guid: 1478e703c3ff6b646a84f262fe7126d2, type: 3}
      propertyPath: m_IsActive
      value: 0
      objectReference: {fileID: 0}
    - target: {fileID: 224495268083690416, guid: 1478e703c3ff6b646a84f262fe7126d2,
        type: 3}
      propertyPath: m_LocalPosition.x
      value: 0
      objectReference: {fileID: 0}
    - target: {fileID: 224495268083690416, guid: 1478e703c3ff6b646a84f262fe7126d2,
        type: 3}
      propertyPath: m_LocalPosition.y
      value: 0
      objectReference: {fileID: 0}
    - target: {fileID: 224495268083690416, guid: 1478e703c3ff6b646a84f262fe7126d2,
        type: 3}
      propertyPath: m_LocalPosition.z
      value: 0
      objectReference: {fileID: 0}
    - target: {fileID: 224495268083690416, guid: 1478e703c3ff6b646a84f262fe7126d2,
        type: 3}
      propertyPath: m_LocalRotation.x
      value: 0
      objectReference: {fileID: 0}
    - target: {fileID: 224495268083690416, guid: 1478e703c3ff6b646a84f262fe7126d2,
        type: 3}
      propertyPath: m_LocalRotation.y
      value: 0
      objectReference: {fileID: 0}
    - target: {fileID: 224495268083690416, guid: 1478e703c3ff6b646a84f262fe7126d2,
        type: 3}
      propertyPath: m_LocalRotation.z
      value: 0
      objectReference: {fileID: 0}
    - target: {fileID: 224495268083690416, guid: 1478e703c3ff6b646a84f262fe7126d2,
        type: 3}
      propertyPath: m_LocalRotation.w
      value: 1
      objectReference: {fileID: 0}
    - target: {fileID: 224495268083690416, guid: 1478e703c3ff6b646a84f262fe7126d2,
        type: 3}
      propertyPath: m_RootOrder
      value: 0
      objectReference: {fileID: 0}
    - target: {fileID: 224495268083690416, guid: 1478e703c3ff6b646a84f262fe7126d2,
        type: 3}
      propertyPath: m_LocalEulerAnglesHint.x
      value: 0
      objectReference: {fileID: 0}
    - target: {fileID: 224495268083690416, guid: 1478e703c3ff6b646a84f262fe7126d2,
        type: 3}
      propertyPath: m_LocalEulerAnglesHint.y
      value: 0
      objectReference: {fileID: 0}
    - target: {fileID: 224495268083690416, guid: 1478e703c3ff6b646a84f262fe7126d2,
        type: 3}
      propertyPath: m_LocalEulerAnglesHint.z
      value: 0
      objectReference: {fileID: 0}
    - target: {fileID: 224495268083690416, guid: 1478e703c3ff6b646a84f262fe7126d2,
        type: 3}
      propertyPath: m_AnchoredPosition.x
      value: 0
      objectReference: {fileID: 0}
    - target: {fileID: 224495268083690416, guid: 1478e703c3ff6b646a84f262fe7126d2,
        type: 3}
      propertyPath: m_AnchoredPosition.y
      value: 0
      objectReference: {fileID: 0}
    - target: {fileID: 224495268083690416, guid: 1478e703c3ff6b646a84f262fe7126d2,
        type: 3}
      propertyPath: m_SizeDelta.x
      value: 0
      objectReference: {fileID: 0}
    - target: {fileID: 224495268083690416, guid: 1478e703c3ff6b646a84f262fe7126d2,
        type: 3}
      propertyPath: m_SizeDelta.y
      value: 0
      objectReference: {fileID: 0}
    - target: {fileID: 224495268083690416, guid: 1478e703c3ff6b646a84f262fe7126d2,
        type: 3}
      propertyPath: m_AnchorMin.x
      value: 0
      objectReference: {fileID: 0}
    - target: {fileID: 224495268083690416, guid: 1478e703c3ff6b646a84f262fe7126d2,
        type: 3}
      propertyPath: m_AnchorMin.y
      value: 0
      objectReference: {fileID: 0}
    - target: {fileID: 224495268083690416, guid: 1478e703c3ff6b646a84f262fe7126d2,
        type: 3}
      propertyPath: m_AnchorMax.x
      value: 1
      objectReference: {fileID: 0}
    - target: {fileID: 224495268083690416, guid: 1478e703c3ff6b646a84f262fe7126d2,
        type: 3}
      propertyPath: m_AnchorMax.y
      value: 1
      objectReference: {fileID: 0}
    - target: {fileID: 224495268083690416, guid: 1478e703c3ff6b646a84f262fe7126d2,
        type: 3}
      propertyPath: m_Pivot.x
      value: 0.5
      objectReference: {fileID: 0}
    - target: {fileID: 224495268083690416, guid: 1478e703c3ff6b646a84f262fe7126d2,
        type: 3}
      propertyPath: m_Pivot.y
      value: 0.5
      objectReference: {fileID: 0}
    - target: {fileID: 1811048420775791603, guid: 1478e703c3ff6b646a84f262fe7126d2,
        type: 3}
      propertyPath: m_textInfo.characterCount
      value: 0
      objectReference: {fileID: 0}
    - target: {fileID: 1811048420775791603, guid: 1478e703c3ff6b646a84f262fe7126d2,
        type: 3}
      propertyPath: m_textInfo.spaceCount
      value: 0
      objectReference: {fileID: 0}
    - target: {fileID: 1811048420775791603, guid: 1478e703c3ff6b646a84f262fe7126d2,
        type: 3}
      propertyPath: m_textInfo.wordCount
      value: 0
      objectReference: {fileID: 0}
    - target: {fileID: 1811048420775791603, guid: 1478e703c3ff6b646a84f262fe7126d2,
        type: 3}
      propertyPath: m_textInfo.lineCount
      value: 0
      objectReference: {fileID: 0}
    - target: {fileID: 1811048420775791603, guid: 1478e703c3ff6b646a84f262fe7126d2,
        type: 3}
      propertyPath: m_textInfo.pageCount
      value: 0
      objectReference: {fileID: 0}
    m_RemovedComponents: []
  m_SourcePrefab: {fileID: 100100000, guid: 1478e703c3ff6b646a84f262fe7126d2, type: 3}
--- !u!224 &913528460 stripped
RectTransform:
  m_CorrespondingSourceObject: {fileID: 224495268083690416, guid: 1478e703c3ff6b646a84f262fe7126d2,
    type: 3}
  m_PrefabInstance: {fileID: 913528459}
  m_PrefabAsset: {fileID: 0}
--- !u!114 &913528461 stripped
MonoBehaviour:
  m_CorrespondingSourceObject: {fileID: 826540799, guid: 1478e703c3ff6b646a84f262fe7126d2,
    type: 3}
  m_PrefabInstance: {fileID: 913528459}
  m_PrefabAsset: {fileID: 0}
  m_GameObject: {fileID: 0}
  m_Enabled: 1
  m_EditorHideFlags: 0
  m_Script: {fileID: 11500000, guid: fcd4fde4b749e404fbb6273a75a8dec3, type: 3}
  m_Name: 
  m_EditorClassIdentifier: 
--- !u!1 &989978069
GameObject:
  m_ObjectHideFlags: 0
  m_CorrespondingSourceObject: {fileID: 0}
  m_PrefabInstance: {fileID: 0}
  m_PrefabAsset: {fileID: 0}
  serializedVersion: 6
  m_Component:
  - component: {fileID: 989978070}
  m_Layer: 5
  m_Name: Popups
  m_TagString: Untagged
  m_Icon: {fileID: 0}
  m_NavMeshLayer: 0
  m_StaticEditorFlags: 0
  m_IsActive: 1
--- !u!224 &989978070
RectTransform:
  m_ObjectHideFlags: 0
  m_CorrespondingSourceObject: {fileID: 0}
  m_PrefabInstance: {fileID: 0}
  m_PrefabAsset: {fileID: 0}
  m_GameObject: {fileID: 989978069}
  m_LocalRotation: {x: -0, y: -0, z: -0, w: 1}
  m_LocalPosition: {x: 0, y: 0, z: 0}
  m_LocalScale: {x: 1, y: 1, z: 1}
  m_Children:
  - {fileID: 913528460}
  - {fileID: 2011732740}
  - {fileID: 366007714}
  - {fileID: 84990488}
  m_Father: {fileID: 211502219}
  m_RootOrder: 1
  m_LocalEulerAnglesHint: {x: 0, y: 0, z: 0}
  m_AnchorMin: {x: 0, y: 0}
  m_AnchorMax: {x: 1, y: 1}
  m_AnchoredPosition: {x: 0, y: 0}
  m_SizeDelta: {x: 0, y: 0}
  m_Pivot: {x: 0.5, y: 0.5}
--- !u!1 &1284547881
GameObject:
  m_ObjectHideFlags: 0
  m_CorrespondingSourceObject: {fileID: 0}
  m_PrefabInstance: {fileID: 0}
  m_PrefabAsset: {fileID: 0}
  serializedVersion: 6
  m_Component:
  - component: {fileID: 1284547885}
  - component: {fileID: 1284547882}
  - component: {fileID: 1284547884}
  - component: {fileID: 1284547883}
  m_Layer: 0
  m_Name: GameManager
  m_TagString: Untagged
  m_Icon: {fileID: 0}
  m_NavMeshLayer: 0
  m_StaticEditorFlags: 0
  m_IsActive: 1
--- !u!114 &1284547882
MonoBehaviour:
  m_ObjectHideFlags: 0
  m_CorrespondingSourceObject: {fileID: 0}
  m_PrefabInstance: {fileID: 0}
  m_PrefabAsset: {fileID: 0}
  m_GameObject: {fileID: 1284547881}
  m_Enabled: 1
  m_EditorHideFlags: 0
  m_Script: {fileID: 11500000, guid: f75b03bf0554a1246a645b4e93b8951f, type: 3}
  m_Name: 
  m_EditorClassIdentifier: 
  m_mainPanel: {fileID: 1984578718}
  m_money: {fileID: 1260622554533164, guid: bc3faa171e6a4bd46a27a4f09ec65b03, type: 3}
  m_cameraTransform: {fileID: 1431553153}
  m_backGroundRenderer: {fileID: 0}
  m_roundCount: 5
  m_distBetweenRounds: 10
  m_virtualCamera: {fileID: 195762718}
  m_cameraFOVMultiplier: 1
--- !u!114 &1284547883
MonoBehaviour:
  m_ObjectHideFlags: 0
  m_CorrespondingSourceObject: {fileID: 0}
  m_PrefabInstance: {fileID: 0}
  m_PrefabAsset: {fileID: 0}
  m_GameObject: {fileID: 1284547881}
  m_Enabled: 1
  m_EditorHideFlags: 0
  m_Script: {fileID: 11500000, guid: dae84ae0f5119b144bd8b92dd052fde1, type: 3}
  m_Name: 
  m_EditorClassIdentifier: 
  levelList:
  - {fileID: 5081021286958362504, guid: 7aa38c1548c2ec7448293dfa2192b182, type: 3}
  m_playerPrefab: {fileID: 179482774325353647, guid: 49b0254fdc481b644a30975c0e4256d8,
    type: 3}
  m_rivalPrefab: {fileID: 8896713034067224651, guid: 6dd8e7b375a2757469f9c1e9af014c1f,
    type: 3}
  player: {fileID: 0}
  firstRival: {fileID: 0}
  secondRival: {fileID: 0}
  actualLevel: {fileID: 0}
--- !u!114 &1284547884
MonoBehaviour:
  m_ObjectHideFlags: 0
  m_CorrespondingSourceObject: {fileID: 0}
  m_PrefabInstance: {fileID: 0}
  m_PrefabAsset: {fileID: 0}
  m_GameObject: {fileID: 1284547881}
  m_Enabled: 1
  m_EditorHideFlags: 0
  m_Script: {fileID: 11500000, guid: 01b4ffbc2a5089f43a5d4deeda74c57b, type: 3}
  m_Name: 
  m_EditorClassIdentifier: 
--- !u!4 &1284547885
Transform:
  m_ObjectHideFlags: 0
  m_CorrespondingSourceObject: {fileID: 0}
  m_PrefabInstance: {fileID: 0}
  m_PrefabAsset: {fileID: 0}
  m_GameObject: {fileID: 1284547881}
  m_LocalRotation: {x: 0, y: 0, z: 0, w: 1}
  m_LocalPosition: {x: 0, y: 0, z: 0}
  m_LocalScale: {x: 1, y: 1, z: 1}
  m_Children: []
  m_Father: {fileID: 0}
  m_RootOrder: 1
  m_LocalEulerAnglesHint: {x: 0, y: 0, z: 0}
--- !u!1 &1431553151
GameObject:
  m_ObjectHideFlags: 0
  m_CorrespondingSourceObject: {fileID: 0}
  m_PrefabInstance: {fileID: 0}
  m_PrefabAsset: {fileID: 0}
  serializedVersion: 6
  m_Component:
  - component: {fileID: 1431553153}
  - component: {fileID: 1431553152}
  - component: {fileID: 1431553157}
  - component: {fileID: 1431553156}
  - component: {fileID: 1431553155}
  - component: {fileID: 1431553154}
  m_Layer: 0
  m_Name: MainSceneManager
  m_TagString: MainCamera
  m_Icon: {fileID: 0}
  m_NavMeshLayer: 0
  m_StaticEditorFlags: 0
  m_IsActive: 1
--- !u!20 &1431553152
Camera:
  m_ObjectHideFlags: 0
  m_CorrespondingSourceObject: {fileID: 0}
  m_PrefabInstance: {fileID: 0}
  m_PrefabAsset: {fileID: 0}
  m_GameObject: {fileID: 1431553151}
  m_Enabled: 1
  serializedVersion: 2
  m_ClearFlags: 1
  m_BackGroundColor: {r: 0.18431373, g: 0.7725491, b: 0.89019614, a: 0.9999999}
  m_projectionMatrixMode: 1
  m_GateFitMode: 2
  m_FOVAxisMode: 0
  m_SensorSize: {x: 36, y: 24}
  m_LensShift: {x: 0, y: 0}
  m_FocalLength: 50
  m_NormalizedViewPortRect:
    serializedVersion: 2
    x: 0
    y: 0
    width: 1
    height: 1
  near clip plane: 0.1
  far clip plane: 5000
  field of view: 60
  orthographic: 0
  orthographic size: 20
  m_Depth: -1
  m_CullingMask:
    serializedVersion: 2
    m_Bits: 4294967295
  m_RenderingPath: -1
  m_TargetTexture: {fileID: 0}
  m_TargetDisplay: 0
  m_TargetEye: 0
  m_HDR: 1
  m_AllowMSAA: 0
  m_AllowDynamicResolution: 0
  m_ForceIntoRT: 1
  m_OcclusionCulling: 0
  m_StereoConvergence: 10
  m_StereoSeparation: 0.022
--- !u!4 &1431553153
Transform:
  m_ObjectHideFlags: 0
  m_CorrespondingSourceObject: {fileID: 0}
  m_PrefabInstance: {fileID: 0}
  m_PrefabAsset: {fileID: 0}
  m_GameObject: {fileID: 1431553151}
  m_LocalRotation: {x: 0, y: 0, z: 0, w: 1}
  m_LocalPosition: {x: 0.87547255, y: 4.62, z: -14.35451}
  m_LocalScale: {x: 1, y: 1, z: 1}
  m_Children: []
  m_Father: {fileID: 0}
  m_RootOrder: 0
  m_LocalEulerAnglesHint: {x: 60.000004, y: 0, z: 0}
--- !u!114 &1431553154
MonoBehaviour:
  m_ObjectHideFlags: 0
  m_CorrespondingSourceObject: {fileID: 0}
  m_PrefabInstance: {fileID: 0}
  m_PrefabAsset: {fileID: 0}
  m_GameObject: {fileID: 1431553151}
  m_Enabled: 1
  m_EditorHideFlags: 0
  m_Script: {fileID: 11500000, guid: 72ece51f2901e7445ab60da3685d6b5f, type: 3}
  m_Name: 
  m_EditorClassIdentifier: 
  m_ShowDebugText: 0
  m_ShowCameraFrustum: 1
  m_IgnoreTimeScale: 0
  m_WorldUpOverride: {fileID: 0}
  m_UpdateMethod: 2
  m_DefaultBlend:
    m_Style: 1
    m_Time: 2
    m_CustomCurve:
      serializedVersion: 2
      m_Curve: []
      m_PreInfinity: 2
      m_PostInfinity: 2
      m_RotationOrder: 4
  m_CustomBlends: {fileID: 0}
  m_CameraCutEvent:
    m_PersistentCalls:
      m_Calls: []
    m_TypeName: Cinemachine.CinemachineBrain+BrainEvent, Cinemachine, Version=0.0.0.0,
      Culture=neutral, PublicKeyToken=null
  m_CameraActivatedEvent:
    m_PersistentCalls:
      m_Calls: []
    m_TypeName: Cinemachine.CinemachineBrain+VcamActivatedEvent, Cinemachine, Version=0.0.0.0,
      Culture=neutral, PublicKeyToken=null
--- !u!114 &1431553155
MonoBehaviour:
  m_ObjectHideFlags: 0
  m_CorrespondingSourceObject: {fileID: 0}
  m_PrefabInstance: {fileID: 0}
  m_PrefabAsset: {fileID: 0}
  m_GameObject: {fileID: 1431553151}
  m_Enabled: 1
  m_EditorHideFlags: 0
  m_Script: {fileID: 11500000, guid: 75a764f1b883d450c99683de4bfeaef0, type: 3}
  m_Name: 
  m_EditorClassIdentifier: 
  m_UIManager: {fileID: 211502212}
  gameManager: {fileID: 1284547882}
--- !u!81 &1431553156
AudioListener:
  m_ObjectHideFlags: 0
  m_CorrespondingSourceObject: {fileID: 0}
  m_PrefabInstance: {fileID: 0}
  m_PrefabAsset: {fileID: 0}
  m_GameObject: {fileID: 1431553151}
  m_Enabled: 1
--- !u!124 &1431553157
Behaviour:
  m_ObjectHideFlags: 0
  m_CorrespondingSourceObject: {fileID: 0}
  m_PrefabInstance: {fileID: 0}
  m_PrefabAsset: {fileID: 0}
  m_GameObject: {fileID: 1431553151}
  m_Enabled: 1
--- !u!1 &1473180412
GameObject:
  m_ObjectHideFlags: 0
  m_CorrespondingSourceObject: {fileID: 0}
  m_PrefabInstance: {fileID: 0}
  m_PrefabAsset: {fileID: 0}
  serializedVersion: 6
  m_Component:
  - component: {fileID: 1473180414}
  - component: {fileID: 1473180413}
  m_Layer: 0
  m_Name: Directional Light
  m_TagString: Untagged
  m_Icon: {fileID: 0}
  m_NavMeshLayer: 0
  m_StaticEditorFlags: 0
  m_IsActive: 1
--- !u!108 &1473180413
Light:
  m_ObjectHideFlags: 0
  m_CorrespondingSourceObject: {fileID: 0}
  m_PrefabInstance: {fileID: 0}
  m_PrefabAsset: {fileID: 0}
  m_GameObject: {fileID: 1473180412}
  m_Enabled: 1
  serializedVersion: 9
  m_Type: 1
  m_Color: {r: 1, g: 0.88566244, b: 0.7688679, a: 1}
  m_Intensity: 1.3
  m_Range: 10
  m_SpotAngle: 30
  m_InnerSpotAngle: 21.80208
  m_CookieSize: 10
  m_Shadows:
    m_Type: 0
    m_Resolution: -1
    m_CustomResolution: -1
    m_Strength: 0.3
    m_Bias: 0.05
    m_NormalBias: 0
    m_NearPlane: 0.1
    m_CullingMatrixOverride:
      e00: 1
      e01: 0
      e02: 0
      e03: 0
      e10: 0
      e11: 1
      e12: 0
      e13: 0
      e20: 0
      e21: 0
      e22: 1
      e23: 0
      e30: 0
      e31: 0
      e32: 0
      e33: 1
    m_UseCullingMatrixOverride: 0
  m_Cookie: {fileID: 0}
  m_DrawHalo: 0
  m_Flare: {fileID: 0}
  m_RenderMode: 0
  m_CullingMask:
    serializedVersion: 2
    m_Bits: 4294967295
  m_RenderingLayerMask: 1
  m_Lightmapping: 4
  m_LightShadowCasterMode: 0
  m_AreaSize: {x: 1, y: 1}
  m_BounceIntensity: 1
  m_ColorTemperature: 6570
  m_UseColorTemperature: 0
  m_BoundingSphereOverride: {x: 0, y: 0, z: 0, w: 0}
  m_UseBoundingSphereOverride: 0
  m_ShadowRadius: 0
  m_ShadowAngle: 0
--- !u!4 &1473180414
Transform:
  m_ObjectHideFlags: 0
  m_CorrespondingSourceObject: {fileID: 0}
  m_PrefabInstance: {fileID: 0}
  m_PrefabAsset: {fileID: 0}
  m_GameObject: {fileID: 1473180412}
  m_LocalRotation: {x: 0.48865616, y: -0.22432333, z: -0.25721794, w: 0.8029528}
  m_LocalPosition: {x: 2.78125, y: 1.6826172, z: 5.1689453}
  m_LocalScale: {x: 1, y: 1, z: 1}
  m_Children: []
  m_Father: {fileID: 0}
  m_RootOrder: 5
  m_LocalEulerAnglesHint: {x: 42.016003, y: -55.409004, z: -58.327003}
--- !u!1001 &1984578716
PrefabInstance:
  m_ObjectHideFlags: 0
  serializedVersion: 2
  m_Modification:
    m_TransformParent: {fileID: 116546101}
    m_Modifications:
    - target: {fileID: 3604648593892790067, guid: a3b960a1f98be0f48b259a7c9c5c0892,
        type: 3}
      propertyPath: m_Name
      value: MainPanel
      objectReference: {fileID: 0}
    - target: {fileID: 3604648593892790067, guid: a3b960a1f98be0f48b259a7c9c5c0892,
        type: 3}
      propertyPath: m_IsActive
      value: 0
      objectReference: {fileID: 0}
    - target: {fileID: 3604648594221249762, guid: a3b960a1f98be0f48b259a7c9c5c0892,
        type: 3}
      propertyPath: m_LocalPosition.x
      value: 0
      objectReference: {fileID: 0}
    - target: {fileID: 3604648594221249762, guid: a3b960a1f98be0f48b259a7c9c5c0892,
        type: 3}
      propertyPath: m_LocalPosition.y
      value: 0
      objectReference: {fileID: 0}
    - target: {fileID: 3604648594221249762, guid: a3b960a1f98be0f48b259a7c9c5c0892,
        type: 3}
      propertyPath: m_LocalPosition.z
      value: 0
      objectReference: {fileID: 0}
    - target: {fileID: 3604648594221249762, guid: a3b960a1f98be0f48b259a7c9c5c0892,
        type: 3}
      propertyPath: m_LocalRotation.x
      value: -0
      objectReference: {fileID: 0}
    - target: {fileID: 3604648594221249762, guid: a3b960a1f98be0f48b259a7c9c5c0892,
        type: 3}
      propertyPath: m_LocalRotation.y
      value: -0
      objectReference: {fileID: 0}
    - target: {fileID: 3604648594221249762, guid: a3b960a1f98be0f48b259a7c9c5c0892,
        type: 3}
      propertyPath: m_LocalRotation.z
      value: -0
      objectReference: {fileID: 0}
    - target: {fileID: 3604648594221249762, guid: a3b960a1f98be0f48b259a7c9c5c0892,
        type: 3}
      propertyPath: m_LocalRotation.w
      value: 1
      objectReference: {fileID: 0}
    - target: {fileID: 3604648594221249762, guid: a3b960a1f98be0f48b259a7c9c5c0892,
        type: 3}
      propertyPath: m_RootOrder
      value: 0
      objectReference: {fileID: 0}
    - target: {fileID: 3604648594221249762, guid: a3b960a1f98be0f48b259a7c9c5c0892,
        type: 3}
      propertyPath: m_LocalEulerAnglesHint.x
      value: 0
      objectReference: {fileID: 0}
    - target: {fileID: 3604648594221249762, guid: a3b960a1f98be0f48b259a7c9c5c0892,
        type: 3}
      propertyPath: m_LocalEulerAnglesHint.y
      value: 0
      objectReference: {fileID: 0}
    - target: {fileID: 3604648594221249762, guid: a3b960a1f98be0f48b259a7c9c5c0892,
        type: 3}
      propertyPath: m_LocalEulerAnglesHint.z
      value: 0
      objectReference: {fileID: 0}
    - target: {fileID: 3604648594221249762, guid: a3b960a1f98be0f48b259a7c9c5c0892,
        type: 3}
      propertyPath: m_AnchoredPosition.x
      value: 0
      objectReference: {fileID: 0}
    - target: {fileID: 3604648594221249762, guid: a3b960a1f98be0f48b259a7c9c5c0892,
        type: 3}
      propertyPath: m_AnchoredPosition.y
      value: 0
      objectReference: {fileID: 0}
    - target: {fileID: 3604648594221249762, guid: a3b960a1f98be0f48b259a7c9c5c0892,
        type: 3}
      propertyPath: m_SizeDelta.x
      value: 0
      objectReference: {fileID: 0}
    - target: {fileID: 3604648594221249762, guid: a3b960a1f98be0f48b259a7c9c5c0892,
        type: 3}
      propertyPath: m_SizeDelta.y
      value: 0
      objectReference: {fileID: 0}
    - target: {fileID: 3604648594221249762, guid: a3b960a1f98be0f48b259a7c9c5c0892,
        type: 3}
      propertyPath: m_AnchorMin.x
      value: 0
      objectReference: {fileID: 0}
    - target: {fileID: 3604648594221249762, guid: a3b960a1f98be0f48b259a7c9c5c0892,
        type: 3}
      propertyPath: m_AnchorMin.y
      value: 0
      objectReference: {fileID: 0}
    - target: {fileID: 3604648594221249762, guid: a3b960a1f98be0f48b259a7c9c5c0892,
        type: 3}
      propertyPath: m_AnchorMax.x
      value: 1
      objectReference: {fileID: 0}
    - target: {fileID: 3604648594221249762, guid: a3b960a1f98be0f48b259a7c9c5c0892,
        type: 3}
      propertyPath: m_AnchorMax.y
      value: 1
      objectReference: {fileID: 0}
    - target: {fileID: 3604648594221249762, guid: a3b960a1f98be0f48b259a7c9c5c0892,
        type: 3}
      propertyPath: m_Pivot.x
      value: 0.5
      objectReference: {fileID: 0}
    - target: {fileID: 3604648594221249762, guid: a3b960a1f98be0f48b259a7c9c5c0892,
        type: 3}
      propertyPath: m_Pivot.y
      value: 0.5
      objectReference: {fileID: 0}
    - target: {fileID: 3604648594221249763, guid: a3b960a1f98be0f48b259a7c9c5c0892,
        type: 3}
      propertyPath: m_cheatCanvas
      value: 
      objectReference: {fileID: 833858363}
    - target: {fileID: 3604648594221249763, guid: a3b960a1f98be0f48b259a7c9c5c0892,
        type: 3}
      propertyPath: m_startButton
      value: 
      objectReference: {fileID: 1984578719}
    - target: {fileID: 3604648593828218265, guid: a3b960a1f98be0f48b259a7c9c5c0892,
        type: 3}
      propertyPath: m_SizeDelta.x
      value: 119.6
      objectReference: {fileID: 0}
    - target: {fileID: 3604648593208741961, guid: a3b960a1f98be0f48b259a7c9c5c0892,
        type: 3}
      propertyPath: m_OnClick.m_PersistentCalls.m_Calls.Array.data[0].m_Target
      value: 
      objectReference: {fileID: 1284547882}
    - target: {fileID: 3604648594862594111, guid: a3b960a1f98be0f48b259a7c9c5c0892,
        type: 3}
      propertyPath: onValueChanged.m_PersistentCalls.m_Calls.Array.data[0].m_Target
      value: 
      objectReference: {fileID: 353270159}
    - target: {fileID: 3604648594727077810, guid: a3b960a1f98be0f48b259a7c9c5c0892,
        type: 3}
      propertyPath: m_Controller
      value: 
      objectReference: {fileID: 9100000, guid: 4fece138d63d5db469337db3f36ba769, type: 2}
    - target: {fileID: 3604648593208741960, guid: a3b960a1f98be0f48b259a7c9c5c0892,
        type: 3}
      propertyPath: m_AnchoredPosition.x
      value: -133.49219
      objectReference: {fileID: 0}
    - target: {fileID: 497596927501780947, guid: a3b960a1f98be0f48b259a7c9c5c0892,
        type: 3}
      propertyPath: m_AnchoredPosition.x
      value: -133.39844
      objectReference: {fileID: 0}
    m_RemovedComponents: []
  m_SourcePrefab: {fileID: 100100000, guid: a3b960a1f98be0f48b259a7c9c5c0892, type: 3}
--- !u!224 &1984578717 stripped
RectTransform:
  m_CorrespondingSourceObject: {fileID: 3604648594221249762, guid: a3b960a1f98be0f48b259a7c9c5c0892,
    type: 3}
  m_PrefabInstance: {fileID: 1984578716}
  m_PrefabAsset: {fileID: 0}
--- !u!114 &1984578718 stripped
MonoBehaviour:
  m_CorrespondingSourceObject: {fileID: 3604648594221249763, guid: a3b960a1f98be0f48b259a7c9c5c0892,
    type: 3}
  m_PrefabInstance: {fileID: 1984578716}
  m_PrefabAsset: {fileID: 0}
  m_GameObject: {fileID: 0}
  m_Enabled: 1
  m_EditorHideFlags: 0
  m_Script: {fileID: 11500000, guid: 58c880f93442c4c85b0a579a583bb311, type: 3}
  m_Name: 
  m_EditorClassIdentifier: 
--- !u!114 &1984578719 stripped
MonoBehaviour:
  m_CorrespondingSourceObject: {fileID: 3604648594611327483, guid: a3b960a1f98be0f48b259a7c9c5c0892,
    type: 3}
  m_PrefabInstance: {fileID: 1984578716}
  m_PrefabAsset: {fileID: 0}
  m_GameObject: {fileID: 0}
  m_Enabled: 1
  m_EditorHideFlags: 0
  m_Script: {fileID: 11500000, guid: ae540b22f2cc44fbaaf5df2d584adc74, type: 3}
  m_Name: 
  m_EditorClassIdentifier: 
--- !u!1001 &2011732739
PrefabInstance:
  m_ObjectHideFlags: 0
  serializedVersion: 2
  m_Modification:
    m_TransformParent: {fileID: 989978070}
    m_Modifications:
    - target: {fileID: 1107116908726640, guid: eb378533909990841a10b19d8742b83d, type: 3}
      propertyPath: m_Name
      value: LosePopup
      objectReference: {fileID: 0}
    - target: {fileID: 1107116908726640, guid: eb378533909990841a10b19d8742b83d, type: 3}
      propertyPath: m_IsActive
      value: 0
      objectReference: {fileID: 0}
    - target: {fileID: 224495268083690416, guid: eb378533909990841a10b19d8742b83d,
        type: 3}
      propertyPath: m_LocalPosition.x
      value: 0
      objectReference: {fileID: 0}
    - target: {fileID: 224495268083690416, guid: eb378533909990841a10b19d8742b83d,
        type: 3}
      propertyPath: m_LocalPosition.y
      value: 0
      objectReference: {fileID: 0}
    - target: {fileID: 224495268083690416, guid: eb378533909990841a10b19d8742b83d,
        type: 3}
      propertyPath: m_LocalPosition.z
      value: 0
      objectReference: {fileID: 0}
    - target: {fileID: 224495268083690416, guid: eb378533909990841a10b19d8742b83d,
        type: 3}
      propertyPath: m_LocalRotation.x
      value: 0
      objectReference: {fileID: 0}
    - target: {fileID: 224495268083690416, guid: eb378533909990841a10b19d8742b83d,
        type: 3}
      propertyPath: m_LocalRotation.y
      value: 0
      objectReference: {fileID: 0}
    - target: {fileID: 224495268083690416, guid: eb378533909990841a10b19d8742b83d,
        type: 3}
      propertyPath: m_LocalRotation.z
      value: 0
      objectReference: {fileID: 0}
    - target: {fileID: 224495268083690416, guid: eb378533909990841a10b19d8742b83d,
        type: 3}
      propertyPath: m_LocalRotation.w
      value: 1
      objectReference: {fileID: 0}
    - target: {fileID: 224495268083690416, guid: eb378533909990841a10b19d8742b83d,
        type: 3}
      propertyPath: m_RootOrder
      value: 1
      objectReference: {fileID: 0}
    - target: {fileID: 224495268083690416, guid: eb378533909990841a10b19d8742b83d,
        type: 3}
      propertyPath: m_LocalEulerAnglesHint.x
      value: 0
      objectReference: {fileID: 0}
    - target: {fileID: 224495268083690416, guid: eb378533909990841a10b19d8742b83d,
        type: 3}
      propertyPath: m_LocalEulerAnglesHint.y
      value: 0
      objectReference: {fileID: 0}
    - target: {fileID: 224495268083690416, guid: eb378533909990841a10b19d8742b83d,
        type: 3}
      propertyPath: m_LocalEulerAnglesHint.z
      value: 0
      objectReference: {fileID: 0}
    - target: {fileID: 224495268083690416, guid: eb378533909990841a10b19d8742b83d,
        type: 3}
      propertyPath: m_AnchoredPosition.x
      value: 0
      objectReference: {fileID: 0}
    - target: {fileID: 224495268083690416, guid: eb378533909990841a10b19d8742b83d,
        type: 3}
      propertyPath: m_AnchoredPosition.y
      value: 0
      objectReference: {fileID: 0}
    - target: {fileID: 224495268083690416, guid: eb378533909990841a10b19d8742b83d,
        type: 3}
      propertyPath: m_SizeDelta.x
      value: 0
      objectReference: {fileID: 0}
    - target: {fileID: 224495268083690416, guid: eb378533909990841a10b19d8742b83d,
        type: 3}
      propertyPath: m_SizeDelta.y
      value: 0
      objectReference: {fileID: 0}
    - target: {fileID: 224495268083690416, guid: eb378533909990841a10b19d8742b83d,
        type: 3}
      propertyPath: m_AnchorMin.x
      value: 0
      objectReference: {fileID: 0}
    - target: {fileID: 224495268083690416, guid: eb378533909990841a10b19d8742b83d,
        type: 3}
      propertyPath: m_AnchorMin.y
      value: 0
      objectReference: {fileID: 0}
    - target: {fileID: 224495268083690416, guid: eb378533909990841a10b19d8742b83d,
        type: 3}
      propertyPath: m_AnchorMax.x
      value: 1
      objectReference: {fileID: 0}
    - target: {fileID: 224495268083690416, guid: eb378533909990841a10b19d8742b83d,
        type: 3}
      propertyPath: m_AnchorMax.y
      value: 1
      objectReference: {fileID: 0}
    - target: {fileID: 224495268083690416, guid: eb378533909990841a10b19d8742b83d,
        type: 3}
      propertyPath: m_Pivot.x
      value: 0.5
      objectReference: {fileID: 0}
    - target: {fileID: 224495268083690416, guid: eb378533909990841a10b19d8742b83d,
        type: 3}
      propertyPath: m_Pivot.y
      value: 0.5
      objectReference: {fileID: 0}
    m_RemovedComponents: []
  m_SourcePrefab: {fileID: 100100000, guid: eb378533909990841a10b19d8742b83d, type: 3}
--- !u!224 &2011732740 stripped
RectTransform:
  m_CorrespondingSourceObject: {fileID: 224495268083690416, guid: eb378533909990841a10b19d8742b83d,
    type: 3}
  m_PrefabInstance: {fileID: 2011732739}
  m_PrefabAsset: {fileID: 0}
--- !u!114 &2011732741 stripped
MonoBehaviour:
  m_CorrespondingSourceObject: {fileID: 382316221111423859, guid: eb378533909990841a10b19d8742b83d,
    type: 3}
  m_PrefabInstance: {fileID: 2011732739}
  m_PrefabAsset: {fileID: 0}
  m_GameObject: {fileID: 0}
  m_Enabled: 1
  m_EditorHideFlags: 0
  m_Script: {fileID: 11500000, guid: ab680c70d1fc428459ad47f4bdd3aceb, type: 3}
  m_Name: 
  m_EditorClassIdentifier: 
--- !u!1 &2102688980
GameObject:
  m_ObjectHideFlags: 0
  m_CorrespondingSourceObject: {fileID: 0}
  m_PrefabInstance: {fileID: 0}
  m_PrefabAsset: {fileID: 0}
  serializedVersion: 6
  m_Component:
  - component: {fileID: 2102688981}
  m_Layer: 5
  m_Name: TopUI
  m_TagString: Untagged
  m_Icon: {fileID: 0}
  m_NavMeshLayer: 0
  m_StaticEditorFlags: 0
  m_IsActive: 1
--- !u!224 &2102688981
RectTransform:
  m_ObjectHideFlags: 0
  m_CorrespondingSourceObject: {fileID: 0}
  m_PrefabInstance: {fileID: 0}
  m_PrefabAsset: {fileID: 0}
  m_GameObject: {fileID: 2102688980}
  m_LocalRotation: {x: 0, y: 0, z: 0, w: 1}
  m_LocalPosition: {x: 0, y: 0, z: 0}
  m_LocalScale: {x: 1, y: 1, z: 1}
  m_Children:
  - {fileID: 642211622}
  m_Father: {fileID: 833858364}
  m_RootOrder: 0
  m_LocalEulerAnglesHint: {x: 0, y: 0, z: 0}
  m_AnchorMin: {x: 0, y: 0.9}
  m_AnchorMax: {x: 1, y: 1}
  m_AnchoredPosition: {x: 0, y: 0}
  m_SizeDelta: {x: 0, y: 0}
  m_Pivot: {x: 0.5, y: 0.5}
